% Encoding: UTF-8
@article{martinet2020robust,
  title={Robust dynamic community detection with applications to human brain functional networks},
  author={Martinet, L-E and Kramer, MA and Viles, W and Perkins, LN and Spencer, E and Chu, CJ and Cash, SS and Kolaczyk, ED},
  journal={Nature communications},
  volume={11},
  number={1},
  pages={2785},
  year={2020},
  publisher={Nature Publishing Group UK London}
}
@inproceedings{liu2019evolutionary,
	title={Evolutionary community detection in dynamic social networks},
	author={Liu, Fanzhen and Wu, Jia and Zhou, Chuan and Yang, Jian},
	booktitle={Proceedings of the International Joint Conference on Neural Networks},
	pages={1--7},
	year={2019},
	organization={IEEE}
}
@article{liu2020detecting,
	title={Detecting the evolving community structure in dynamic social networks},
	author={Liu, Fanzhen and Wu, Jia and Xue, Shan and Zhou, Chuan and Yang, Jian and Sheng, Quanzheng},
	journal={World Wide Web},
	volume={23},
	number={2},
	pages={715--733},
	year={2020},
	publisher={Springer}
}
@article{wang2017dynamic,
	title={Dynamic community detection based on network structural perturbation and topological similarity},
	author={Wang, Peizhuo and Gao, Lin and Ma, Xiaoke},
	journal={Journal of Statistical Mechanics: Theory and Experiment},
	volume={2017},
	number={1},
	pages={013401},
	year={2017},
	publisher={IOP Publishing}
}
@article{xu2014adaptive,
	title={Adaptive evolutionary clustering},
	author={Xu, Kevin S and Kliger, Mark and Hero Iii, Alfred O},
	journal={Data Mining and Knowledge Discovery},
	volume={28},
	number={2},
	pages={304--336},
	year={2014},
	publisher={Springer}
}

@article{thibeault2024low,
  title={The low-rank hypothesis of complex systems},
  author={Thibeault, Vincent and Allard, Antoine and Desrosiers, Patrick},
  journal={Nature Physics},
  volume={20},
  number={2},
  pages={294--302},
  year={2024},
  publisher={Nature Publishing Group UK London}
}

@article{Huang02072024,
	author = {Sihan Huang and Jiajin Sun and Yang Feng and},
	title = {PCABM: Pairwise Covariates-Adjusted Block Model for Community Detection},
	journal = {Journal of the American Statistical Association},
	volume = {119},
	number = {547},
	pages = {2092--2104},
	year = {2024},
	publisher = {ASA Website}}
@article{karrer2011stochastic,
  title={Stochastic blockmodels and community structure in networks},
  author={Karrer, Brian and Newman, Mark EJ},
  journal={Physical Review E—Statistical, Nonlinear, and Soft Matter Physics},
  volume={83},
  number={1},
  pages={016107},
  year={2011},
  publisher={APS}
}

@article{corso2024graph,
  title={Graph neural networks},
  author={Corso, Gabriele and Stark, Hannes and Jegelka, Stefanie and Jaakkola, Tommi and Barzilay, Regina},
  journal={Nature Reviews Methods Primers},
  volume={4},
  number={1},
  pages={17},
  year={2024},
  publisher={Nature Publishing Group UK London}
}
@article{singh2024social,
  title={Social network analysis: A survey on process, tools, and application},
  author={Singh, Shashank Sheshar and Muhuri, Samya and Mishra, Shivansh and Srivastava, Divya and Shakya, Harish Kumar and Kumar, Neeraj},
  journal={ACM Computing Surveys},
  volume={56},
  number={8},
  pages={1--39},
  year={2024},
  publisher={ACM New York, NY}
}

@article{joshi2021systems,
  title={Systems biology in cardiovascular disease: a multiomics approach},
  author={Joshi, Abhishek and Rienks, Marieke and Theofilatos, Konstantinos and Mayr, Manuel},
  journal={Nature Reviews Cardiology},
  volume={18},
  number={5},
  pages={313--330},
  year={2021},
  publisher={Nature Publishing Group UK London}
}
@article{zhou2022attacking,
  title={Attacking the core structure of complex network},
  author={Zhou, Bo and Lv, Yuqian and Wang, Jinhuan and Zhang, Jian and Xuan, Qi},
  journal={IEEE Transactions on Computational Social Systems},
  volume={10},
  number={4},
  pages={1428--1442},
  year={2022},
  publisher={IEEE}
}

@article{papadopoulos2012popularity,
  title={Popularity versus similarity in growing networks},
  author={Papadopoulos, Fragkiskos and Kitsak, Maksim and Serrano, M {\'A}ngeles and Bogun{\'a}, Mari{\'a}n and Krioukov, Dmitri},
  journal={Nature},
  volume={489},
  number={7417},
  pages={537--540},
  year={2012},
  publisher={Nature Publishing Group UK London}
}
@article{jin2021survey,
  title={A survey of community detection approaches: From statistical modeling to deep learning},
  author={Jin, Di and Yu, Zhizhi and Jiao, Pengfei and Pan, Shirui and He, Dongxiao and Wu, Jia and Philip, S Yu and Zhang, Weixiong},
  journal={IEEE Transactions on Knowledge and Data Engineering},
  volume={35},
  number={2},
  pages={1149--1170},
  year={2021},
  publisher={IEEE}
}
@article{LI2024128169,
	title = {A comprehensive review of community detection in graphs},
	journal = {Neurocomputing},
	volume = {600},
	number = {1}
	pages = {128169},
	year = {2024},
	issn = {0925-2312},
	author = {Jiakang Li and Songning Lai and Zhihao Shuai and Yuan Tan and Yifan Jia and Mianyang Yu and Zichen Song and Xiaokang Peng and Ziyang Xu and Yongxin Ni and Haifeng Qiu and Jiayu Yang and Yutong Liu and Yonggang Lu}
}
@article{peng2024unsupervised,
	title={Unsupervised social bot detection via structural information theory},
	author={Peng, Hao and Zhang, Jingyun and Huang, Xiang and Hao, Zhifeng and Li, Angsheng and Yu, Zhengtao and Yu, Philip S},
	journal={ACM Transactions on Information Systems},
	volume={42},
	number={6},
	pages={1--42},
	year={2024},
	publisher={ACM New York, NY, USA}
}
@ARTICLE{10591380,
	author={Zhang, Anderson Ye},
	journal={IEEE Transactions on Information Theory}, 
	title={Fundamental Limits of Spectral Clustering in Stochastic Block Models}, 
	year={2024},
	volume={70},
	number={10},
	pages={7320-7348}}
@inproceedings{NEURIPS2024_c7caf017,
	author = {Varbella, Anna and Amara, Kenza and Gjorgiev, Blazhe and El-Assady, Mennatallah and Sansavini, Giovanni},
	booktitle = {Proceedings of the Advances in Neural Information Processing Systems},
	pages = {110784--110804},
	publisher = {Curran Associates, Inc.},
	title = {PowerGraph: A power grid benchmark dataset for graph neural networks},
	volume = {37},
	year = {2024}
}
@article{orgovanyi2025geocoding,
	title={Geocoding Applications for Enhancing Urban Water Supply Network Analysis},
	author={Orgov{\'a}nyi, P{\'e}ter and Hammer, Tam{\'a}s and Karches, Tam{\'a}s},
	journal={Urban Science},
	volume={9},
	number={2},
	pages={51},
	year={2025},
	publisher={MDPI}
}
@article{sanders2024ecosystem,
	title={Ecosystem engineers shape ecological network structure and stability: A framework and literature review},
	author={Sanders, Dirk and Frago, Enric},
	journal={Functional Ecology},
	volume={38},
	number={8},
	pages={1683--1696},
	year={2024},
	publisher={Wiley Online Library}
}
@article{dreveton2024exact,
  title={Exact recovery and Bregman hard clustering of node-attributed Stochastic Block Model},
  author={Dreveton, Maximilien and Fernandes, Felipe and Figueiredo, Daniel},
  journal={Advances in Neural Information Processing Systems},
  volume={36},
  number={1},
  pages={1--1},
  year={2024}
}
@article{GenLouvain,
author = {Peter J. Mucha  and Thomas Richardson  and Kevin Macon  and Mason A. Porter  and Jukka-Pekka Onnela },
title = {Community Structure in Time-Dependent, Multiscale, and Multiplex Networks},
journal = {Science},
volume = {328},
number = {5980},
pages = {876-878},
year = {2010}
}
@article{PisCes,
author = {Fuchen Liu  and David Choi  and Lu Xie  and Kathryn Roeder },
title = {Global spectral clustering in dynamic networks},
journal = {Proceedings of the National Academy of Sciences},
volume = {115},
number = {5},
pages = {927-932},
year = {2018},
doi = {10.1073/pnas.1718449115}}

@article{xing2010state,
  title={A state-space mixed membership blockmodel for dynamic network tomography},
  author={Xing, Eric P and Fu, Wenjie and Song, Le},
  journal={The Annals of Applied Statistics},
  volume={4},
  number={2},
  pages={535},
  year={2010},
  publisher={Institute of Mathematical Statistics}
}
@article{riverain2023poisson,
  title={Poisson degree corrected dynamic stochastic block model},
  author={Riverain, Paul and Fossier, Simon and Nadif, Mohamed},
  journal={Advances in Data Analysis and Classification},
  volume={17},
  number={1},
  pages={135--162},
  year={2023},
  publisher={Springer}
}
@inproceedings{he2017joint,
  title={Joint identification of network communities and semantics via integrative modeling of network topologies and node contents},
  author={He, Dongxiao and Feng, Zhiyong and Jin, Di and Wang, Xiaobao and Zhang, Weixiong},
  booktitle={Proceedings of the AAAI Conference on Artificial Intelligence},
  volume={31},
  number={1},
  pages={1--1}
  year={2017}
}



@article{godoy2016accurate,
  title={Accurate and scalable social recommendation using mixed-membership stochastic block models},
  author={Godoy-Lorite, Antonia and Guimer{\`a}, Roger and Moore, Cristopher and Sales-Pardo, Marta},
  journal={Proceedings of the National Academy of Sciences},
  volume={113},
  number={50},
  pages={14207--14212},
  year={2016},
  publisher={National Acad Sciences}
}

@article{ma2021determining,
  title={Determining the number of communities in degree-corrected stochastic block models},
  author={Ma, Shujie and Su, Liangjun and Zhang, Yichong},
  journal={Journal of Machine Learning Research},
  volume={22},
  number={69},
  pages={1--63},
  year={2021}
}

@article{amini2024hierarchical,
  title={Hierarchical stochastic block model for community detection in multiplex networks},
  author={Amini, Arash and Paez, Marina and Lin, Lizhen},
  journal={Bayesian Analysis},
  volume={19},
  number={1},
  pages={319--345},
  year={2024},
  publisher={International Society for Bayesian Analysis}
}
@article{10214123,
  author={Deng, Chong and Xu, Xin-Jian and Ying, Shihui},
  journal={IEEE Transactions on Information Theory}, 
  title={Strong Consistency of Spectral Clustering for the Sparse Degree-Corrected Hypergraph Stochastic Block Model}, 
  year={2024},
  volume={70},
  number={3},
  pages={1962-1977}}
@article{ghoshal2021influence,
  title={Influence of community structure on misinformation containment in online social networks},
  author={Ghoshal, Arnab Kumar and Das, Nabanita and Das, Soham},
  journal={Knowledge-Based Systems},
  volume={213},
  number={1},
  pages={106693},
  year={2021},
  publisher={Elsevier}
}
@article{yang2011detecting,
  title={Detecting communities and their evolutions in dynamic social networks—a Bayesian approach},
  author={Yang, Tianbao and Chi, Yun and Zhu, Shenghuo and Gong, Yihong and Jin, Rong},
  journal={Machine learning},
  volume={82},
  number={1},
  pages={157--189},
  year={2011},
  publisher={Springer}
}
@article{rossetti2018community,
  title={Community discovery in dynamic networks: a survey},
  author={Rossetti, Giulio and Cazabet, R{\'e}my},
  journal={ACM Computing Surveys},
  volume={51},
  number={2},
  pages={1--37},
  year={2018},
  publisher={ACM New York, NY, USA}
}
@article{watts1998collective,
  title={Collective dynamics of 'small-world' networks},
  author={Watts, Duncan J and Strogatz, Steven H},
  journal={Nature},
  volume={393},
  number={6684},
  pages={440--442},
  year={1998},
  publisher={Nature Publishing Group}
}
@article{millan2025topology,
  title={Topology shapes dynamics of higher-order networks},
  author={Mill{\'a}n, Ana P and Sun, Hanlin and Giambagli, Lorenzo and Muolo, Riccardo and Carletti, Timoteo and Torres, Joaqu{\'\i}n J and Radicchi, Filippo and Kurths, J{\"u}rgen and Bianconi, Ginestra},
  journal={Nature Physics},
  pages={1--9},
  year={2025},
  volume={1}
  number={1},
  publisher={Nature Publishing Group UK London}
}
@article{lou2022learning,
  title={A learning convolutional neural network approach for network robustness prediction},
  author={Lou, Yang and Wu, Ruizi and Li, Junli and Wang, Lin and Li, Xiang and Chen, Guanrong},
  journal={IEEE Transactions on Cybernetics},
  volume={53},
  number={7},
  pages={4531--4544},
  year={2022},
  publisher={IEEE}
}
@article{sun2022aligning,
  title={Aligning dynamic social networks: An optimization over dynamic graph autoencoder},
  author={Sun, Li and Zhang, Zhongbao and Wang, Feiyang and Ji, Pengxin and Wen, Jian and Su, Sen and Philip, S Yu},
  journal={IEEE Transactions on Knowledge and Data Engineering},
  volume={35},
  number={6},
  pages={5597--5611},
  year={2022},
  publisher={IEEE}
}
@article{peng2023robust,
  title={Robust dynamic brain coactivation states estimated in individuals},
  author={Peng, Xiaolong and Liu, Qi and Hubbard, Catherine S and Wang, Danhong and Zhu, Wenzhen and Fox, Michael D and Liu, Hesheng},
  journal={Science Advances},
  volume={9},
  number={3},
  pages={eabq8566},
  year={2023},
  publisher={American Association for the Advancement of Science}
}
@article{artime2024robustness,
  title={Robustness and resilience of complex networks},
  author={Artime, Oriol and Grassia, Marco and De Domenico, Manlio and Gleeson, James P and Makse, Hern{\'a}n A and Mangioni, Giuseppe and Perc, Matja{\v{z}} and Radicchi, Filippo},
  journal={Nature Reviews Physics},
  volume={6},
  number={2},
  pages={114--131},
  year={2024},
  publisher={Nature Publishing Group UK London}
}
@inproceedings{barnes2024temporal,
  title={Temporal network analysis of email communication patterns in a long standing hierarchy},
  author={Barnes, Matthew Russell and Karan, Mladen and McQuistin, Stephen and Perkins, Colin and Tyson, Gareth and Purver, Matthew and Castro, Ignacio and Clegg, Richard G},
  booktitle={Proceedings of the International Applications of Artificial Intelligence Conference on Web and Social Media},
  pages={126--138},
  year={2024}
}
@article{ RJXB20241211002,
	author = { 王笑 and  戴芳 and  郭文艳 and  王军锋 },
	title = {面向属性网络社团检测的度修正广义随机块模型},
	journal = {软件学报},
	pages = {1-13},
	year={2025},
	volume={1},
	number={1}
	issn = {1000-9825},
	language={cn},
	doi = {10.13328/j.cnki.jos.007197}
}

@article{ JSJA2023S2059,
	author = { 曹金鑫 and  许伟忠 and  金弟 and  丁卫平 },
	title = {复杂网络社团发现综述},
	journal = {计算机科学},
	volume = {50},
	number = {S2},
	pages = {414-424},
	year = {2023},
	language={cn},
	issn = {1002-137X},
}
@article{ JSJA201912048,
	author = { 付立东 and  李丹 and  李占利 },
	title = {从属度树算法检测复杂网络重叠社团},
	journal = {计算机科学},
	volume = {46},
	number = {12},
	pages = {322-326},
	year = {2019},
	issn = {1002-137X},
	language={cn}
}
@article{ JSJA201912008,
	language={cn},
	author = { 尹欣红 and  赵世燕 and  陈晓云 },
	title = {带偏置的信号传播的随机游走的社团检测算法},
	journal = {计算机科学},
	volume = {46},
	number = {12},
	pages = {45-55},
	year = {2019},
	issn = {1002-137X},
}
@inproceedings{su2024debunking,
  title={Debunking Fake News in Online Social Networks Without Text Analysis},
  author={Su, Xing and Yang, Jian and Wu, Jia and Qiu, Zitai},
  booktitle={Proceedings of the IEEE International Conference on Data Mining},
  pages={450--459},
  year={2024},
  organization={IEEE}
}
@InProceedings{hetang2024segment,
    author    = {Hetang, Congrui and Xue, Haoru and Le, Cindy and Yue, Tianwei and Wang, Wenping and He, Yihui},
    title     = {Segment Anything Model for Road Network Graph Extraction},
    booktitle = {IEEE/CVF Conference on Computer Vision and Pattern Recognition (CVPR) Workshops},
    month     = {June},
    year      = {2024},
    pages     = {2556-2566}
}
@article{bodini2002towards,
  title={Towards a sustainable use of water resources: a whole-ecosystem approach using network analysis},
  author={Bodini, Antonio and Bondavalli, Cristina},
  journal={International Journal of Environment and Pollution},
  volume={18},
  number={5},
  pages={463--485},
  year={2002},
  publisher={InderScience Publishers}
}
@article{maya2024using,
  title={Using stakeholder network analysis to enhance the impact of participation in water governance},
  author={Maya Jariego, Isidro},
  journal={Humanities and Social Sciences Communications},
  volume={11},
  number={1},
  pages={1--6},
  year={2024},
  publisher={Palgrave}
}
@article{mets2014combining,
  title={Combining power and communication network simulation for cost-effective smart grid analysis},
  author={Mets, Kevin and Ojea, Juan Aparicio and Develder, Chris},
  journal={IEEE Communications Surveys \& Tutorials},
  volume={16},
  number={3},
  pages={1771--1796},
  year={2014},
  publisher={IEEE}
}
@article{boccaletti2006complex,
  title={Complex networks: Structure and dynamics},
  author={Boccaletti, Stefano and Latora, Vito and Moreno, Yamir and Chavez, Martin and Hwang, D-U},
  journal={Physics Reports},
  volume={424},
  number={4-5},
  pages={175--308},
  year={2006},
  publisher={Elsevier}
}
@ARTICLE{10466779,
  author={Ren, Jinhu and Nian, Fuzhong and Yang, Xiaochen},
  journal={IEEE Transactions on Computational Social Systems}, 
  title={Two-Stage Information Spreading Evolution on the Control Role of Announcements}, 
  year={2024},
  volume={11},
  number={3},
  pages={4315-4325}}
@article{millan2025topology,
  title={Topology shapes dynamics of higher-order networks},
  author={Mill{\'a}n, Ana P and Sun, Hanlin and Giambagli, Lorenzo and Muolo, Riccardo and Carletti, Timoteo and Torres, Joaqu{\'\i}n J and Radicchi, Filippo and Kurths, J{\"u}rgen and Bianconi, Ginestra},
  journal={Nature Physics},
  volume={1},
  pages={1--9},
  year={2025},
  publisher={Nature Publishing Group UK London}
}
@article{zemanova2006structural,
  title={Structural and functional clusters of complex brain networks},
  author={Zemanov{\'a}, Lucia and Zhou, Changsong and Kurths, J{\"u}rgen},
  journal={Physica D: Nonlinear Phenomena},
  volume={224},
  number={1-2},
  pages={202--212},
  year={2006},
  publisher={Elsevier}
}

@article{farajtabar2017coevolve,
  title={Coevolve: A joint point process model for information diffusion and network evolution},
  author={Farajtabar, Mehrdad and Wang, Yichen and Gomez-Rodriguez, Manuel and Li, Shuang and Zha, Hongyuan and Song, Le},
  journal={Journal of Machine Learning Research},
  volume={18},
  number={41},
  pages={1--49},
  year={2017}
}
@article{palla2007quantifying,
  title={Quantifying social group evolution},
  author={Palla, Gergely and Barab{\'a}si, Albert-L{\'a}szl{\'o} and Vicsek, Tam{\'a}s},
  journal={Nature},
  volume={446},
  number={7136},
  pages={664--667},
  year={2007},
  publisher={Nature Publishing Group UK London}
}


@article{fang2020survey,
  title={A survey of community search over big graphs},
  author={Fang, Yixiang and Huang, Xin and Qin, Lu and Zhang, Ying and Zhang, Wenjie and Cheng, Reynold and Lin, Xuemin},
  journal={The Very Large Data Bases Journal},
  volume={29},
  number={1},
  pages={353--392},
  year={2020},
  publisher={Springer}
}
@article{chen2021community,
  title={Community hiding by link perturbation in social networks},
  author={Chen, Xianyu and Jiang, Zhongyuan and Li, Hui and Ma, Jianfeng and Philip, S Yu},
  journal={IEEE Transactions on Computational Social Systems},
  volume={8},
  number={3},
  pages={704--715},
  year={2021},
  publisher={IEEE}
}
@article{zhou2023influential,
	title={Influential community search over large heterogeneous information networks},
	author={Zhou, Yingli and Fang, Yixiang and Luo, Wensheng and Ye, Yunming},
	journal={Proceedings of the VLDB Endowment},
	volume={16},
	number={8},
	pages={2047--2060},
	year={2023},
	publisher={VLDB Endowment}
}
@article{fortunato2016community,
  title={Community detection in networks: A user guide},
  author={Fortunato, Santo and Hric, Darko},
  journal={Physics Reports},
  volume={659},
  number={1},
  pages={1--44},
  year={2016},
  publisher={Elsevier}
}
@article{he2024urban,
  title={Urban mobility analytics amid COVID-19 pandemic: A framework for promoting work resumption based on mobile phone data},
  author={He, Linghui and Li, Weifeng and Li, Jian and Sun, Jianping},
  journal={Journal of Transport Geography},
  volume={117},
  number={1},
  pages={103887},
  year={2024},
  publisher={Elsevier}
}
@article{kumar2024community,
  title={Community-enhanced link prediction in dynamic networks},
  author={Kumar, Mukesh and Mishra, Shivansh and Singh, Shashank Sheshar and Biswas, Bhaskar},
  journal={ACM Transactions on the Web},
  volume={18},
  number={2},
  pages={1--32},
  year={2024},
  publisher={ACM New York, NY}
}
@ARTICLE{10819979,
  author={Peng, Qingxi and Weng, Zhengjie and Wang, Wei and Wang, Xinyi and You, Lan},
  journal={IEEE Transactions on Big Data}, 
  title={A Collaborative Network-Based Retrieval Model for Open Source Domain Experts}, 
  year={2024},
  volume={1},
  number={1},
  pages={1-13}}
@article{yu2016networking,
  title={Networking for big data: A survey},
  author={Yu, Shui and Liu, Meng and Dou, Wanchun and Liu, Xiting and Zhou, Sanming},
  journal={IEEE Communications Surveys \& Tutorials},
  volume={19},
  number={1},
  pages={531--549},
  year={2016},
  publisher={IEEE}
}
@article{engsig2024domirank,
  title={DomiRank Centrality reveals structural fragility of complex networks via node dominance},
  author={Engsig, Marcus and Tejedor, Alejandro and Moreno, Yamir and Foufoula-Georgiou, Efi and Kasmi, Chaouki},
  journal={Nature communications},
  volume={15},
  number={1},
  pages={56},
  year={2024},
  publisher={Nature Publishing Group UK London}
}
@article{mariani2024collective,
  title={Collective dynamics behind success},
  author={Mariani, Manuel S and Battiston, Federico and Horv{\'a}t, Em{\H{o}}ke-{\'A}gnes and Livan, Giacomo and Musciotto, Federico and Wang, Dashun},
  journal={Nature communications},
  volume={15},
  number={1},
  pages={10701},
  year={2024},
  publisher={Nature Publishing Group UK London}
}
@ARTICLE{10816034,
  author={Sattarov, Otabek and Choi, Jaeyoung},
  journal={IEEE Transactions on Big Data}, 
  title={Detection of Rumors and Their Sources in Social Networks: A Comprehensive Survey}, 
  year={2024},
  volume={1},
  number={1},
  pages={1-20}}
@ARTICLE{10636067,
  author={Zong, Yongcheng and Zuo, Qiankun and Ng, Michael Kwok-Po and Lei, Baiying and Wang, Shuqiang},
  journal={IEEE Transactions on Pattern Analysis and Machine Intelligence}, 
  title={A New Brain Network Construction Paradigm for Brain Disorder via Diffusion-Based Graph Contrastive Learning}, 
  year={2024},
  volume={46},
  number={12},
  pages={10389-10403}}
@INPROCEEDINGS{10486339,
  	author={Kulkarni, Omkaresh and Burhanpurwala, Adnan},
  	booktitle={2024 3rd International conference on Power Electronics and IoT Applications in Renewable Energy and its Control}, 
  	title={A Survey of Advancements in DBSCAN Clustering Algorithms for Big Data}, 
  	year={2024},
  	pages={106-111},
  	keywords={Surveys;Renewable energy sources;Machine learning algorithms;Shape;Reviews;Noise;Clustering algorithms;clustering algorithm;Density based clustering;DBSCAN;big data;data mining}}
@inproceedings{NEURIPS2024_a3017a8d,
 	author = {Chen, Yannan and Huang, Beichen and Zhao, Licheng and Shen, Kaiming},
 	booktitle = {Advances in Neural Information Processing Systems},
 	pages = {89563--89583},
 	publisher = {Curran Associates, Inc.},
 	title = {Multidimensional Fractional Programming for Normalized Cuts},
 	volume = {37},
 	year = {2024}
 }
@article{ZHANG2024114379,
	title = {Critical station identification and robustness analysis of urban rail transit networks based on comprehensive vote-rank algorithm},
	journal = {Chaos, Solitons \& Fractals},
	volume = {178},
	number={1},
	pages = {114379},
	year = {2024},
	issn = {0960-0779},
	author = {Jianhua Zhang and Yu Zhou and Shuliang Wang and Qinjie Min}
}
@article{hopcroft2004tracking,
  title={Tracking evolving communities in large linked networks},
  author={Hopcroft, John and Khan, Omar and Kulis, Brian and Selman, Bart},
  journal={Proceedings of the National Academy of Sciences},
  volume={101},
  number={suppl\_1},
  pages={5249--5253},
  year={2004},
  publisher={National Academy of Sciences}
}
@inproceedings{aravind2019dysat,
	title={Dynamic Graph Representation Learning via Self-Attention Networks},
	author={Sankar, Aravind and Wu, Yanhong and Gou, Liang and Zhang, Wei and Yang, Hao},
	booktitle={Proceedings of the 2019 International Conference on Learning Representations, Workshop on Representation Learning on Graphs and Manifolds},
	pages={1--1},
	year={2019},
	organization={ICLR}
}
@article{palla2007quantifying,
  title={Quantifying social group evolution},
  author={Palla, Gergely and Barab{\'a}si, Albert-L{\'a}szl{\'o} and Vicsek, Tam{\'a}s},
  journal={Nature},
  volume={446},
  number={7136},
  pages={664--667},
  year={2007},
  publisher={Nature Publishing Group UK London}
}
@article{asur2009event,
  title={An event-based framework for characterizing the evolutionary behavior of interaction graphs},
  author={Asur, Sitaram and Parthasarathy, Srinivasan and Ucar, Duygu},
  journal={ACM Transactions on Knowledge Discovery from Data},
  volume={3},
  number={4},
  pages={1--36},
  year={2009},
  publisher={ACM New York, NY, USA}
}
@article{bota2011dynamic,
  title={Dynamic communities and their detection},
  author={B{\'o}ta, Andr{\'a}s and Kr{\'e}sz, Mikl{\'o}s and Pluh{\'a}r, Andr{\'a}s},
  journal={Acta Cybernetica},
  volume={20},
  number={1},
  pages={35--52},
  year={2011},
  publisher={University of Szeged}
}
@inproceedings{wang2008commtracker,
  title={Commtracker: A core-based algorithm of tracking community evolution},
  author={Wang, Yi and Wu, Bin and Pei, Xin},
  booktitle={Proceedings of the Advanced Data Mining and Applications: 4th International Conference},
  pages={229--240},
  volume={1},
  number={1},
  year={2008},
  organization={Springer}
}
@inproceedings{chen2010detecting,
  title={Detecting and tracking community dynamics in evolutionary networks},
  author={Chen, Zhengzhang and Wilson, Kevin A and Jin, Ye and Hendrix, William and Samatova, Nagiza F},
  booktitle={Proceedings of the 2010 IEEE International Conference on Data Mining Workshops},
  pages={318--327},
  volume={1},
  number={1},
  year={2010},
  organization={IEEE}
}
@inproceedings{falkowski2006mining,
  title={Mining and visualizing the evolution of subgroups in social networks},
  author={Falkowski, Tanja and Bartelheimer, Jorg and Spiliopoulou, Myra},
  booktitle={Proceedings of the 2006 IEEE International Conference on Web Intelligence},
  pages={52--58},
  volume={1},
  number={1},
  year={2006},
  organization={IEEE}
}
@inproceedings{miller2010continuous,
  title={Continuous time group discovery in dynamic graphs},
  author={Miller, K and Eliassi-Rad, Tina},
  booktitle={Proceedings of the 2009 Neural Information Processing Systems Workshop},
  year={2009},
  pages={1--1},
  organization={NeurIPS}
}
@inproceedings{aynaud2010static,
	title={Static community detection algorithms for evolving networks},
	author={Aynaud, Thomas and Guillaume, Jean-Loup},
	booktitle={8th international symposium on modeling and optimization in mobile, ad hoc, and wireless networks},
	pages={513--519},
	year={2010},
	organization={IEEE}
}
@inproceedings{shang2014real,
	title={A real-time detecting algorithm for tracking community structure of dynamic networks},
	author={Shang, Jiaxing and Liu, Lianchen and Xie, Feng and Chen, Zhen and Miao, Jiajia and Fang, Xuelin and Wu, Cheng},
	booktitle={Proceedings of the 6th SNA-KDD Workshop on Social Network Mining and Analysis},
	pages={1--1},
	year={2012}
}
@inproceedings{zhou2007discovering,
  title={Discovering temporal communities from social network documents},
  author={Zhou, Ding and Councill, Isaac and Zha, Hongyuan and Giles, C Lee},
  booktitle={Proceedings of the 17th IEEE International Conference on Data Mining},
  pages={745--750},
  year={2007},
  organization={IEEE}
}

@article{folino2013evolutionary,
	title = {An improved random forest based on the classification accuracy and correlation measurement of decision trees},
	journal = {Expert Systems with Applications},
	volume = {237},
	number={1},
	pages = {121549},
	year = {2024},
	issn = {0957-4174},
	author = {Zhigang Sun and Guotao Wang and Pengfei Li and Hui Wang and Min Zhang and Xiaowen Liang}
}
@article{ZHAO2024115482,
	title = {Detecting network communities based on central node selection and expansion},
	journal = {Chaos, Solitons \& Fractals},
	volume = {188},
	number = {1},
	pages = {115482},
	year = {2024},
	issn = {0960-0779},
	author = {Zhili Zhao and Nana Zhang and Jiquan Xie and Ahui Hu and Xupeng Liu and Ruiyi Yan and Li Wan and Yue Sun}
}
@article{zhang2024inductive,
	title={Inductive biases of neural network modularity in spatial navigation},
	author={Zhang, Ruiyi and Pitkow, Xaq and Angelaki, Dora E},
	journal={Science Advances},
	volume={10},
	number={29},
	pages={eadk1256},
	year={2024},
	publisher={American Association for the Advancement of Science}
}
@article{zhou2017multiobjective,
  title={A multiobjective discrete cuckoo search algorithm for community detection in dynamic networks},
  author={Zhou, Xu and Liu, Yanheng and Li, Bin and Li, Han},
  journal={Soft Computing},
  volume={21},
  pages={6641--6652},
  year={2017},
  publisher={Springer}
}
@article{bara2016new,
  title={A new multi-objective evolutionary framework for community mining in dynamic social networks},
  author={Bara'a, A Attea and Khoder, Haidar S},
  journal={Swarm and Evolutionary Computation},
  volume={31},
  number={1},
  pages={90--109},
  year={2016},
  publisher={Elsevier}
}
@article{niu2017label,
  title={A label-based evolutionary computing approach to dynamic community detection},
  author={Niu, Xinzheng and Si, Weiyu and Wu, Chase Q},
  journal={Computer Communications},
  volume={108},
  number={1},
  pages={110--122},
  year={2017},
  publisher={Elsevier}
}
@article{
doi:10.1126/sciadv.abj3063,
author = {Alexandre Bovet  and Jean-Charles Delvenne  and Renaud Lambiotte },
title = {Flow stability for dynamic community detection},
journal = {Science Advances},
volume = {8},
number = {19},
pages = {eabj3063},
year = {2022}
}
@inproceedings{xie2013labelrankt,
  title={LabelrankT: Incremental community detection in dynamic networks via label propagation},
  author={Xie, Jierui and Chen, Mingming and Szymanski, Boleslaw K},
  booktitle={Proceedings of the Workshop on Dynamic Networks Management and Mining},
  pages={25--32},
  year={2013}
}
@article{liu2015label,
  title={Label propagation based evolutionary clustering for detecting overlapping and non-overlapping communities in dynamic networks},
  author={Liu, Ke and Huang, Jianbin and Sun, Heli and Wan, Mengjie and Qi, Yutao and Li, He},
  journal={Knowledge-Based Systems},
  volume={89},
  number={1},
  pages={487--496},
  year={2015},
  publisher={Elsevier}
}
@article{han2017community,
  title={Community detection in dynamic networks via adaptive label propagation},
  author={Han, Jihui and Li, Wei and Zhao, Longfeng and Su, Zhu and Zou, Yijiang and Deng, Weibing},
  journal={PloS one},
  volume={12},
  number={11},
  pages={e0188655},
  year={2017},
  publisher={Public Library of Science San Francisco, CA USA}
}
@inproceedings{duan2009community,
  title={Community mining on dynamic weighted directed graphs},
  author={Duan, Dongsheng and Li, Yuhua and Jin, Yanan and Lu, Zhengding},
  booktitle={Proceedings of the 1st ACM international workshop on Complex networks meet information \& knowledge management},
  pages={11--18},
  year={2009}
}
@article{xin2016adaptive,
  title={The adaptive dynamic community detection algorithm based on the non-homogeneous random walking},
  author={Xin, Yu and Xie, Zhi-Qiang and Yang, Jing},
  journal={Physica A: Statistical Mechanics and its Applications},
  volume={450},
  number={1},
  pages={241--252},
  year={2016},
  publisher={Elsevier}
}
@article{WANG2025130432,
	title = {Community detection in attributed networks using stochastic block models},
	journal = {Physica A: Statistical Mechanics and its Applications},
	volume = {666},
	number={1},
	pages = {130432},
	year = {2025},
	issn = {0378-4371},
	author = {Xiao Wang and Fang Dai and Wenyan Guo and Junfeng Wang}
}
@article{wan2024tcdformer,
	title={TCDformer: A transformer framework for non-stationary time series forecasting based on trend and change-point detection},
	author={Wan, Jiashan and Xia, Na and Yin, Yutao and Pan, Xulei and Hu, Jin and Yi, Jun},
	journal={Neural Networks},
	volume={173},
	number={1},
	pages={106196},
	year={2024},
	publisher={Elsevier}
}
@article{riverain2023poisson,
  title={Poisson degree corrected dynamic stochastic block model},
  author={Riverain, Paul and Fossier, Simon and Nadif, Mohamed},
  journal={Advances in Data Analysis and Classification},
  volume={17},
  number={1},
  pages={135--162},
  year={2023},
  publisher={Springer}
}
@article{keriven2022sparse,
  title={Sparse and smooth: improved guarantees for spectral clustering in the dynamic stochastic block model},
  author={Keriven, Nicolas and Vaiter, Samuel},
  journal={Electronic Journal of Statistics},
  volume={16},
  number={1},
  pages={1330--1366},
  year={2022},
  publisher={The Institute of Mathematical Statistics and the Bernoulli Society}
}
@inproceedings{yao2021interpretable,
  title={Interpretable clustering on dynamic graphs with recurrent graph neural networks},
  author={Yao, Yuhang and Joe-Wong, Carlee},
  booktitle={Proceedings of the Conference on Applications of Artificial Intelligence},
  volume={35},
  number={5},
  pages={4608--4616},
  year={2021}
}
@article{pensky2019spectral,
  title={Spectral clustering in the dynamic stochastic block model},
  author={Pensky, Marianna and Zhang, Teng},
  journal={Electronic Journal of Statistics},
  volume={13},
  number={1},
  pages={678--709},
  year={2019}
}
@article{lin2009analyzing,
  title={Analyzing communities and their evolutions in dynamic social networks},
  author={Lin, Yu-Ru and Chi, Yun and Zhu, Shenghuo and Sundaram, Hari and Tseng, Belle L},
  journal={ACM Transactions on Knowledge Discovery from Data},
  volume={3},
  number={2},
  pages={1--31},
  year={2009},
  publisher={ACM New York, NY, USA}
}
@article{sun2013co,
  title={Co-evolution of multi-typed objects in dynamic star networks},
  author={Sun, Yizhou and Tang, Jie and Han, Jiawei and Chen, Cheng and Gupta, Manish},
  journal={IEEE Transactions on Knowledge and Data Engineering},
  volume={26},
  number={12},
  pages={2942--2955},
  year={2013},
  publisher={IEEE}
}
@inproceedings{falkowski2008studying,
  title={Studying community dynamics with an incremental graph mining algorithm},
  author={Falkowski, Tanja and Barth, Anja and Spiliopoulou, Myra},
  booktitle={Proceedings of the 40th Americas Conference on Information Systems},
  pages={29--39},
  year={2008}
}
@inproceedings{nguyen2011adaptive,
  title={Adaptive algorithms for detecting community structure in dynamic social networks},
  author={Nguyen, Nam P and Dinh, Thang N and Xuan, Ying and Thai, My T},
  booktitle={Proceedings of the 2011 IEEE International Conference on Computer Communications},
  pages={2282--2290},
  year={2011},
  organization={IEEE}
}
@inproceedings{cazabet2011simulate,
  title={Simulate to detect: a multi-agent system for community detection},
  author={Cazabet, Remy and Amblard, Frederic},
  booktitle={Proceedings of the 2011 IEEE/WIC/ACM International Conferences on Web Intelligence and Intelligent Agent Technology},
  pages={402--408},
  year={2011},
  organization={IEEE}
}
@article{guo2014evolutionary,
  title={Evolutionary community structure discovery in dynamic weighted networks},
  author={Guo, Chonghui and Wang, Jiajia and Zhang, Zhen},
  journal={Physica A: Statistical Mechanics and its Applications},
  volume={413},
  number={1},
  pages={565--576},
  year={2014},
  publisher={Elsevier}
}
@inproceedings{gao2017dynamic,
  title={Dynamic community detection using nonnegative matrix factorization},
  author={Gao, Feng and Yuan, Limengzi and Wang, Wenjun and Chang, Huandong},
  booktitle={Proceedings of the 2017 International Conference on Computing Intelligence and Information System},
  pages={39--45},
  year={2017},
  organization={IEEE}
}
@article{ma2017evolutionary,
  title={Evolutionary nonnegative matrix factorization algorithms for community detection in dynamic networks},
  author={Ma, Xiaoke and Dong, Di},
  journal={IEEE Transactions on Knowledge and Data Engineering},
  volume={29},
  number={5},
  pages={1045--1058},
  year={2017},
  publisher={IEEE}
}

@article{ma2019detecting,
  title={Detecting evolving communities in dynamic networks using graph regularized evolutionary nonnegative matrix factorization},
  author={Ma, Xiaoke and Li, Dongyuan and Tan, Shiyin and Huang, Zhihao},
  journal={Physica A: Statistical Mechanics and its Applications},
  volume={530},
  number={1},
  pages={121279},
  year={2019},
  publisher={Elsevier}
}

@article{sewell2015latent,
  title={Latent space models for dynamic networks},
  author={Sewell, Daniel K and Chen, Yuguo},
  journal={Journal of the American Statistical Association},
  volume={110},
  number={512},
  pages={1646--1657},
  year={2015},
  publisher={Taylor \& Francis}
}
@article{liu2022variational,
  title={Variational inference for latent space models for dynamic networks},
  author={Liu, Yan and Chen, Yuguo},
  journal={Statistica Sinica},
  volume={32},
  number={4},
  pages={2147--2170},
  year={2022},
  publisher={JSTOR}
}
@article{daniel2023bayesian,
  title={A Bayesian nonparametric latent space approach to modeling evolving communities in dynamic networks},
  author={Daniel Loyal, Joshua and Chen, Yuguo},
  journal={Bayesian Analysis},
  volume={18},
  number={1},
  pages={49--77},
  year={2023},
  publisher={International Society for Bayesian Analysis}
}
@article{tang2014detecting,
  title={Detecting social media hidden communities using dynamic stochastic blockmodel with temporal dirichlet process},
  author={Tang, Xuning and Yang, Christopher C},
  journal={ACM Transactions on Intelligent Systems and Technology},
  volume={5},
  number={2},
  pages={1--21},
  year={2014},
  publisher={ACM New York, NY, USA}
}
@article{xu2014dynamic,
  title={Dynamic stochastic blockmodels for time-evolving social networks},
  author={Xu, Kevin S and Hero, Alfred O},
  journal={IEEE Journal of Selected Topics in Signal Processing},
  volume={8},
  number={4},
  pages={552--562},
  year={2014},
  publisher={IEEE}
}
@article{ghasemian2016detectability,
  title={Detectability thresholds and optimal algorithms for community structure in dynamic networks},
  author={Ghasemian, Amir and Zhang, Pan and Clauset, Aaron and Moore, Cristopher and Peel, Leto},
  journal={Physical Review X},
  volume={6},
  number={3},
  pages={031005},
  year={2016},
  publisher={APS}
}
@article{de2016detection,
  title={Detection and localization of change points in temporal networks with the aid of stochastic block models},
  author={De Ridder, Simon and Vandermarliere, Benjamin and Ryckebusch, Jan},
  journal={Journal of Statistical Mechanics: Theory and Experiment},
  volume={2016},
  number={11},
  pages={113302},
  year={2016},
  publisher={IOP Publishing}
}
@inproceedings{xu2015stochastic,
  title={Stochastic block transition models for dynamic networks},
  author={Xu, Kevin},
  booktitle={Proceedings of the 18th International Conference on Artificial Intelligence and Statistics},
  pages={1079--1087},
  year={2015},
  organization={PMLR}
}
@article{wilson2019modeling,
  title={Modeling and detecting change in temporal networks via the degree corrected stochastic block model},
  author={Wilson, James D and Stevens, Nathaniel T and Woodall, William H},
  journal={Quality and Reliability Engineering International},
  volume={35},
  number={5},
  pages={1363--1378},
  year={2019},
  publisher={Wiley Online Library}
}
@article{liu2020detecting,
  title={Detecting the evolving community structure in dynamic social networks},
  author={Liu, Fanzhen and Wu, Jia and Xue, Shan and Zhou, Chuan and Yang, Jian and Sheng, Quanzheng},
  journal={World Wide Web},
  volume={23},
  number={1},
  pages={715--733},
  year={2020},
  publisher={Springer}
}
@article{de2021deep,
  title={A deep learning approach for semi-supervised community detection in Online Social Networks},
  author={De Santo, Aniello and Galli, Antonio and Moscato, Vincenzo and Sperl{\`\i}, Giancarlo},
  journal={Knowledge-Based Systems},
  volume={229},
  number={1},
  pages={107345},
  year={2021},
  publisher={Elsevier}
}
@inproceedings{ma2020streaming,
  title={Streaming graph neural networks},
  author={Ma, Yao and Guo, Ziyi and Ren, Zhaocun and Tang, Jiliang and Yin, Dawei},
  booktitle={Proceedings of the 43rd International ACM SIGIR Conference on Research and Development in Information Retrieval},
  pages={719--728},
  year={2020}
}
@inproceedings{pareja2020evolvegcn,
  title={Evolvegcn: Evolving graph convolutional networks for dynamic graphs},
  author={Pareja, Aldo and Domeniconi, Giacomo and Chen, Jie and Ma, Tengfei and Suzumura, Toyotaro and Kanezashi, Hiroki and Kaler, Tim and Schardl, Tao and Leiserson, Charles},
  booktitle={Proceedings of the AAAI conference on artificial intelligence},
  volume={34},
  number={04},
  pages={5363--5370},
  year={2020}
}

@article{cui2019hierarchical,
  title={A hierarchical contextual attention-based network for sequential recommendation},
  author={Cui, Qiang and Wu, Shu and Huang, Yan and Wang, Liang},
  journal={Neurocomputing},
  volume={358},
  number={1},
  pages={141--149},
  year={2019},
  publisher={Elsevier}
}
@article{goyal2018dyngem,
  title={Dyngem: Deep embedding method for dynamic graphs},
  author={Goyal, Palash and Kamra, Nitin and He, Xinran and Liu, Yan},
  journal={arXiv preprint arXiv:1805.11273},
  year={2018}
}
@inproceedings{yu2018netwalk,
  title={Netwalk: A flexible deep embedding approach for anomaly detection in dynamic networks},
  author={Yu, Wenchao and Cheng, Wei and Aggarwal, Charu C and Zhang, Kai and Chen, Haifeng and Wang, Wei},
  booktitle={Proceedings of the 24th ACM SIGKDD international conference on knowledge discovery \& data mining},
  pages={2672--2681},
  year={2018}
}
@inproceedings{zhao2019large,
  title={Large Scale Evolving Graphs with Burst Detection},
  author={Zhao, Yifeng and Wang, Xiangwei and Yang, Hongxia and Song, Le and Tang, Jie},
  booktitle={Proceedings of the 28th International Joint Conference on Artificial Intelligence},
  pages={4412--4418},
  year={2019}
}
@article{goyal2020dyngraph2vec,
  title={dyngraph2vec: Capturing network dynamics using dynamic graph representation learning},
  author={Goyal, Palash and Chhetri, Sujit Rokka and Canedo, Arquimedes},
  journal={Knowledge-Based Systems},
  volume={187},
  number={1},
  pages={104816},
  year={2020},
  publisher={Elsevier}
}
@inproceedings{yao2021interpretable,
  title={Interpretable clustering on dynamic graphs with recurrent graph neural networks},
  author={Yao, Yuhang and Joe-Wong, Carlee},
  booktitle={Proceedings of the AAAI Conference on Artificial Intelligence},
  volume={35},
  number={5},
  pages={4608--4616},
  year={2021}
}
@article{palla2007quantifying,
  title={Quantifying social group evolution},
  author={Palla, Gergely and Barab{\'a}si, Albert-L{\'a}szl{\'o} and Vicsek, Tam{\'a}s},
  journal={Nature},
  volume={446},
  number={7136},
  pages={664--667},
  year={2007},
  publisher={Nature Publishing Group UK London}
}
@inproceedings{greene2010tracking,
  title={Tracking the evolution of communities in dynamic social networks},
  author={Greene, Derek and Doyle, Donal and Cunningham, Padraig},
  booktitle={Proceedings of the international conference on advances in social networks analysis and mining},
  pages={176--183},
  year={2010},
  organization={IEEE}
}
@article{brodka2013ged,
  title={GED: the method for group evolution discovery in social networks},
  author={Br{\'o}dka, Piotr and Saganowski, Stanis{\l}aw and Kazienko, Przemys{\l}aw},
  journal={Social Network Analysis and Mining},
  volume={3},
  number={1},
  pages={1--14},
  year={2013},
  publisher={Springer}
}
@article{zhong2014evolution,
  title={The evolution of communities in the international oil trade network},
  author={Zhong, Weiqiong and An, Haizhong and Gao, Xiangyun and Sun, Xiaoqi},
  journal={Physica A: Statistical Mechanics and its Applications},
  volume={413},
  number={1},
  pages={42--52},
  year={2014},
  publisher={Elsevier}
}
@article{mazza2023modularity,
  title={Modularity-based approach for tracking communities in dynamic social networks},
  author={Mazza, Michele and Cola, Guglielmo and Tesconi, Maurizio},
  journal={Knowledge-Based Systems},
  volume={281},
  number={1},
  pages={111067},
  year={2023},
  publisher={Elsevier}
}
@inproceedings{wang2024community,
  title={Community-Based Robustness Analysis of Cyber-Physical Systems},
  author={Wang, Jin and Wang, Shuliang},
  booktitle={Proceedings of the 2024 International Conference on Artificial Intelligence of Things and Systems},
  pages={1--8},
  year={2024},
  organization={IEEE}
}
@inproceedings{tantipathananandh2007framework,
  title={A framework for community identification in dynamic social networks},
  author={Tantipathananandh, Chayant and Berger-Wolf, Tanya and Kempe, David},
  booktitle={Proceedings of the 13th ACM SIGKDD International Conference on Knowledge Discovery and Data Mining},
  pages={717--726},
  year={2007}
}
@inproceedings{tantipathananandh2009constant,
  title={Constant-factor approximation algorithms for identifying dynamic communities},
  author={Tantipathananandh, Chayant and Berger-Wolf, Tanya},
  booktitle={Proceedings of the 15th ACM SIGKDD International Conference on Knowledge Discovery and Data Mining},
  pages={827--836},
  year={2009}
}
@inproceedings{tantipathananandh2011finding,
  title={Finding communities in dynamic social networks},
  author={Tantipathananandh, Chayant and Berger-Wolf, Tanya Y},
  booktitle={Proceedings of the IEEE 11th International Conference on Data Mining},
  pages={1236--1241},
  year={2011},
  organization={IEEE}
}
@article{kauffman2014dyconet,
  title={DyCoNet: a Gephi plugin for community detection in dynamic complex networks},
  author={Kauffman, Julie and Kittas, Aristotelis and Bennett, Laura and Tsoka, Sophia},
  journal={PloS one},
  volume={9},
  number={7},
  pages={e101357},
  year={2014},
  publisher={Public Library of Science San Francisco, USA}
}
@inproceedings{nguyen2011adaptive,
  title={Adaptive algorithms for detecting community structure in dynamic social networks},
  author={Nguyen, Nam P and Dinh, Thang N and Xuan, Ying and Thai, My T},
  booktitle={Proceedings of the IEEE International Conference on Computer Communications},
  pages={2282--2290},
  year={2011},
  organization={IEEE}
}
@article{gorke2013dynamic,
  title={Dynamic graph clustering combining modularity and smoothness},
  author={G{\"o}rke, Robert and Maillard, Pascal and Schumm, Andrea and Staudt, Christian and Wagner, Dorothea},
  journal={Journal of Experimental Algorithmics},
  volume={18},
  number={1},
  pages={1--1},
  year={2013},
  publisher={ACM New York, NY, USA}
}
@article{mucha2010community,
  title={Community structure in time-dependent, multiscale, and multiplex networks},
  author={Mucha, Peter J and Richardson, Thomas and Macon, Kevin and Porter, Mason A and Onnela, Jukka-Pekka},
  journal={Science},
  volume={328},
  number={5980},
  pages={876--878},
  year={2010},
  publisher={American Association for the Advancement of Science}
}
@article{sarzynska2016null,
  title={Null models for community detection in spatially embedded, temporal networks},
  author={Sarzynska, Marta and Leicht, Elizabeth A and Chowell, Gerardo and Porter, Mason A},
  journal={Journal of Complex Networks},
  volume={4},
  number={3},
  pages={363--406},
  year={2016},
  publisher={Oxford University Press}
}
@article{he2015fast,
  title={A fast algorithm for community detection in temporal network},
  author={He, Jialin and Chen, Duanbing},
  journal={Physica A: Statistical Mechanics and its Applications},
  volume={429},
  number={1},
  pages={87--94},
  year={2015},
  publisher={Elsevier}
}
@article{xu2013community,
  title={Community core evolution in mobile social networks},
  author={Xu, Hao and Xiao, Weidong and Tang, Daquan and Tang, Jiuyang and Wang, Zhenwen},
  journal={The Scientific World Journal},
  volume={2013},
  number={1},
  pages={781281},
  year={2013},
  publisher={Wiley Online Library}
}
@inproceedings{gorke2010modularity,
  title={Modularity-driven clustering of dynamic graphs},
  author={G{\"o}rke, Robert and Maillard, Pascal and Staudt, Christian and Wagner, Dorothea},
  booktitle={Proceedings of the International symposium on experimental algorithms},
  pages={436--448},
  year={2010},
  volume={1},
  number={1},
  organization={Springer}
}

@article{holmgren2023mapping,
	title={Mapping change in higher-order networks with multilevel and overlapping communities},
	author={Holmgren, Anton and Edler, Daniel and Rosvall, Martin},
	journal={Applied Network Science},
	volume={8},
	number={1},
	pages={42},
	year={2023},
	publisher={Springer}
}
@article{rossetti2018community,
  title={Community discovery in dynamic networks: a survey},
  author={Rossetti, Giulio and Cazabet, R{\'e}my},
  journal={ACM Computing Surveys},
  volume={51},
  number={2},
  pages={1--37},
  year={2018},
  publisher={ACM New York, NY, USA}
}
@article{girvan2002community,
  title={Community structure in social and biological networks},
  author={Girvan, Michelle and Newman, Mark EJ},
  journal={Proceedings of the National Academy of Sciences},
  volume={99},
  number={12},
  pages={7821--7826},
  year={2002},
  publisher={The National Academy of Sciences}
}

@inproceedings{ma2024knowledge,
  title={Knowledge Selection Based Motif for Dynamic Community Detection},
  author={Ma, Huixin and Yan, Tianying and Wang, Changhai and Yuan, Changan and Huang, De-Shuang},
  booktitle={Proceedings of the International Conference on Applied Intelligence},
  pages={139--149},
  volume={1},
  number={1},
  year={2024},
  organization={Springer}
}
@article{wang2022weak,
  title={Weak ties, failed tries, and success},
  author={Wang, Dashun and Uzzi, Brian},
  journal={Science},
  volume={377},
  number={6612},
  pages={1256--1258},
  year={2022},
  publisher={American Association for the Advancement of Science}
}
@article{wu2019large,
  title={Large teams develop and small teams disrupt science and technology},
  author={Wu, Lingfei and Wang, Dashun and Evans, James A},
  journal={Nature},
  volume={566},
  number={7744},
  pages={378--382},
  year={2019},
  publisher={Nature Publishing Group UK London}
}
@article{feng2025network,
  title={Network modeling and topology of aging},
  author={Feng, Li and Yang, Dengcheng and Wu, Sinan and Xue, Chengwen and Sang, Mengmeng and Liu, Xiang and Che, Jincan and Wu, Jie and Gragnoli, Claudia and Griffin, Christopher and others},
  journal={Physics Reports},
  volume={1101},
  number={1},
  pages={1--65},
  year={2025},
  publisher={Elsevier}
}
@article{barros2021survey,
  title={A survey on embedding dynamic graphs},
  author={Barros, Claudio DT and Mendon{\c{c}}a, Matheus RF and Vieira, Alex B and Ziviani, Artur},
  journal={ACM Computing Surveys},
  volume={55},
  number={1},
  pages={1--37},
  year={2021},
  publisher={ACM New York, NY}
}
@article{pan2023gradmdm,
  title={Gradmdm: Adversarial attack on dynamic networks},
  author={Pan, Jianhong and Foo, Lin Geng and Zheng, Qichen and Fan, Zhipeng and Rahmani, Hossein and Ke, Qiuhong and Liu, Jun},
  journal={IEEE Transactions on Pattern Analysis and Machine Intelligence},
  volume={45},
  number={9},
  pages={11374--11381},
  year={2023},
  publisher={IEEE}
}
@ARTICLE{10225354,
  author={Song, Weihao and Wang, Zidong and Li, Zhongkui and Han, Qing-Long and Yue, Dong},
  journal={IEEE Transactions on Neural Networks and Learning Systems}, 
  title={Maximum Correntropy Filtering for Complex Networks With Uncertain Dynamical Bias: Enabling Componentwise Event-Triggered Transmission}, 
  year={2024},
  volume={35},
  number={12},
  pages={17330-17343}}
@article{bianconi2023complex,
  title={Complex systems in the spotlight: next steps after the 2021 Nobel Prize in Physics},
  author={Bianconi, Ginestra and Arenas, Alex and Biamonte, Jacob and Carr, Lincoln D and Kahng, Byungnam and Kertesz, Janos and Kurths, J{\"u}rgen and L{\"u}, Linyuan and Masoller, Cristina and Motter, Adilson E and others},
  journal={Journal of Physics: Complexity},
  volume={4},
  number={1},
  pages={010201},
  year={2023},
  publisher={IOP Publishing}
}
%chap3-4

@article{newman2003structure,
	title={The structure and function of complex networks},
	author={Newman, Mark EJ},
	journal={SIAM review},
	volume={45},
	number={2},
	pages={167--256},
	year={2003},
	publisher={SIAM}
}
@article{girvan2002community,
	title={Community structure in social and biological networks},
	author={Girvan, Michelle and Newman, Mark EJ},
	journal={Proceedings of the National Academy of Sciences},
	volume={99},
	number={12},
	pages={7821--7826},
	year={2002},
	publisher={National Acad Sciences}
}
@article{kaluza2010complex,
	title={The complex network of global cargo ship movements},
	author={Kaluza, Pablo and K{\"o}lzsch, Andrea and Gastner, Michael T and Blasius, Bernd},
	journal={Journal of the Royal Society Interface},
	volume={7},
	number={48},
	pages={1093--1103},
	year={2010},
	publisher={The Royal Society}
}
@article{guruharsha2011protein,
	title={A protein complex network of Drosophila melanogaster},
	author={Guruharsha, KG and Rual, Jean-Fran{\c{c}}ois and Zhai, Bo and Mintseris, Julian and Vaidya, Pujita and Vaidya, Namita and Beekman, Chapman and Wong, Christina and Rhee, David Y and Cenaj, Odise and others},
	journal={Cell},
	volume={147},
	number={3},
	pages={690--703},
	year={2011},
	publisher={Elsevier}
}
@article{pagani2013power,
	title={The power grid as a complex network: a survey},
	author={Pagani, Giuliano Andrea and Aiello, Marco},
	journal={Physica A: Statistical Mechanics and its Applications},
	volume={392},
	number={11},
	pages={2688--2700},
	year={2013},
	publisher={Elsevier}
}
@article{yu2018detecting,
	title={Detecting node propensity changes in the dynamic degree corrected stochastic block model},
	author={Yu, Lisha and Woodall, William H and Tsui, Kwok-Leung},
	journal={Social Networks},
	volume={54},
	number={1},
	pages={209--227},
	year={2018},
	publisher={Elsevier}
}
@inproceedings{chakrabarti2006evolutionary,
	title={Evolutionary clustering},
	author={Chakrabarti, Deepayan and Kumar, Ravi and Tomkins, Andrew},
	booktitle={Proceedings of the ACM international conference on Knowledge discovery and data mining},
	pages={554--560},
	year={2006},
	organization={ACM}
}
@article{yang2011detecting,
	title={Detecting communities and their evolutions in dynamic social networks—a Bayesian approach},
	author={Yang, Tianbao and Chi, Yun and Zhu, Shenghuo and Gong, Yihong and Jin, Rong},
	journal={Machine learning},
	volume={82},
	number={2},
	pages={157--189},
	year={2011},
	publisher={Springer}
}
@article{sengupta2018block,
	title={A block model for node popularity in networks with community structure},
	author={Sengupta, Srijan and Chen, Yuguo},
	journal={Journal of the Royal Statistical Society: Series B (Statistical Methodology)},
	volume={80},
	number={2},
	pages={365--386},
	year={2018},
	publisher={Wiley Online Library}
}
@article{kim2009particle,
	title={A particle-and-density based evolutionary clustering method for dynamic networks},
	author={Kim, Min-Soo and Han, Jiawei},
	journal={Very Large Data Bases Endowment},
	volume={2},
	number={1},
	pages={622--633},
	year={2009},
	publisher={VLDB Endowment}
}
@article{wilson2016modeling,
	title={Modeling and detecting change in temporal networks via a dynamic degree corrected stochastic block model},
	author={Wilson, James D and Stevens, Nathaniel T and Woodall, William H},
	journal={arXiv preprint arXiv:1605.04049},
	year={2016}
}
@inproceedings{ahn2007analysis,
	title={Analysis of topological characteristics of huge online social networking services},
	author={Ahn, Yong-Yeol and Han, Seungyeop and Kwak, Haewoon and Moon, Sue and Jeong, Hawoong},
	booktitle={Proceedings of the international conference on World Wide Web},
	pages={835--844},
	year={2007},
	organization={ACM}
}
@article{ilhan2016feature,
	title={Feature identification for predicting community evolution in dynamic social networks},
	author={{\.I}lhan, Nagehan and {\"O}{\u{g}}{\"u}d{\"u}c{\"u}, {\c{S}}ule G{\"u}nd{\"u}z},
	journal={Engineering Applications of Artificial Intelligence},
	volume={55},
	number={1},
	pages={202--218},
	year={2016},
	publisher={Elsevier}
}
@article{rossetti2017tiles,
	title={Tiles: an online algorithm for community discovery in dynamic social networks},
	author={Rossetti, Giulio and Pappalardo, Luca and Pedreschi, Dino and Giannotti, Fosca},
	journal={Machine Learning},
	volume={106},
	number={8},
	pages={1213--1241},
	year={2017},
	publisher={Springer}
}
@article{aharony2011social,
	title={Social fMRI: Investigating and shaping social mechanisms in the real world},
	author={Aharony, Nadav and Pan, Wei and Ip, Cory and Khayal, Inas and Pentland, Alex},
	journal={Pervasive and Mobile Computing},
	volume={7},
	number={6},
	pages={643--659},
	year={2011},
	publisher={Elsevier}
}

@inproceedings{nr,
	title={The Network Data Repository with Interactive Graph Analytics and Visualization},
	author={Ryan A. Rossi and Nesreen K. Ahmed},
	booktitle={Proceedings of the AAAI conference on artificial intelligence},
	pages={1-1},
	year={2015}
}
@inproceedings{kumar2016edge,
	title={Edge weight prediction in weighted signed networks},
	author={Kumar, Srijan and Spezzano, Francesca and Subrahmanian, VS and Faloutsos, Christos},
	booktitle={Proceedings of the 16th IEEE International Conference on Data Mining},
	pages={221--230},
	year={2016},
	organization={IEEE}
}
@inproceedings{viswanath-2009-activity,
	author = {Bimal Viswanath and Alan Mislove and Meeyoung Cha and Krishna P. Gummadi},
	title = {On the Evolution of User Interaction in Facebook}, 
	booktitle = {Proceedings of the 2nd ACM SIGCOMM Workshop on Social Networks},
	location = {Barcelona, Spain},
	month = {August},
	pages={1-1},
	year = {2009}
}
@inproceedings{DBLP:conf/icc/ShenCGSD09,
	author    = {Chao Shen and
	Zhongmin Cai and
	Xiaohong Guan and
	Huilan Sha and
	Jingzi Du},
	title     = {Feature Analysis of Mouse Dynamics in Identity Authentication and
	Monitoring},
	booktitle = {Proceedings of the IEEE International Conference on Communications},
	pages     = {1--5},
	year      = {2009},
	crossref  = {DBLP:conf/icc/2009},
	url       = {https://doi.org/10.1109/ICC.2009.5199032},
	doi       = {10.1109/ICC.2009.5199032},
	timestamp = {Fri, 15 Jun 2018 01:00:00 +0200},
	biburl    = {https://dblp.org/rec/bib/conf/icc/ShenCGSD09},
	bibsource = {dblp computer science bibliography, https://dblp.org}
}
@inproceedings{dumont2009fast,
	title={Fast multi-class image annotation with random subwindows and multiple output randomized trees},
	author={Dumont, Marie and Mar{\'e}e, Rapha{\"e}l and Wehenkel, Louis and Geurts, Pierre},
	booktitle={Proceedings of the International Conference on Computer Vision Theory and Applications},
	volume={2},
	pages={196--203},
	year={2009}
}
@inproceedings{jin2015modeling,
	title={Modeling with node degree preservation can accurately find communities},
	author={Jin, Di and Chen, Zheng and He, Dongxiao and Zhang, Weixiong},
	booktitle={Proceedings of the Conference on Applications of Artificial Intelligence},
	year={2015}
}
@article{sun2020network,
  title={Network embedding for community detection in attributed networks},
  author={Sun, Heli and He, Fang and Huang, Jianbin and Sun, Yizhou and Li, Yang and Wang, Chenyu and He, Liang and Sun, Zhongbin and Jia, Xiaolin},
  journal={ACM Transactions on Knowledge Discovery from Data},
  volume={14},
  number={3},
  pages={1--25},
  year={2020},
  publisher={ACM New York, NY, USA}
}
@inproceedings{zhang2020seal,
  title={SEAL: Learning heuristics for community detection with generative adversarial networks},
  author={Zhang, Yao and Xiong, Yun and Ye, Yun and Liu, Tengfei and Wang, Weiqiang and Zhu, Yangyong and Yu, Philip S},
  booktitle={Proceedings of the 26th ACM SIGKDD international conference on knowledge discovery \& data mining},
  pages={1103--1113},
  year={2020}
}
@inproceedings{bernini2024evading,
	title={Evading Community Detection via Counterfactual Neighborhood Search},
	author={Bernini, Andrea and Silvestri, Fabrizio and Tolomei, Gabriele},
	booktitle={Proceedings of the 30th ACM SIGKDD Conference on Knowledge Discovery and Data Mining},
	pages={131--140},
	year={2024}}

@inproceedings{gopalan2013modeling,
	title={Modeling overlapping communities with node popularities},
	author={Gopalan, Prem K and Wang, Chong and Blei, David},
	booktitle={Proceedings of the Advances in Neural Information Processing Systems},
	pages={2850--2858},
	year={2013},
  volume={1},
  number={1}
}
@article{verma2025rw,
	title={Rw-heco: A random walk and network centrality based graph neural network for community detection in heterogeneous networks},
	author={Verma, Atul Kumar and Jadeja, Mahipal and Jayaswal, Saurabh},
	journal={Multimedia Tools and Applications},
	volume={84},
	number={1},
	pages={463--486},
	year={2025},
	publisher={Springer}
}
@article{boccaletti2007detecting,
  title={Detecting complex network modularity by dynamical clustering},
  author={Boccaletti, S and Ivanchenko, M and Latora, V and Pluchino, A and Rapisarda, A},
  journal={Physical Review E—Statistical, Nonlinear, and Soft Matter Physics},
  volume={75},
  number={4},
  pages={045102},
  year={2007},
  publisher={APS}
}
@article{traag2011narrow,
  title={Narrow scope for resolution-limit-free community detection},
  author={Traag, Vincent A and Van Dooren, Paul and Nesterov, Yurii},
  journal={Physical Review E—Statistical, Nonlinear, and Soft Matter Physics},
  volume={84},
  number={1},
  pages={016114},
  year={2011},
  publisher={APS}
}

@ARTICLE{10684291,
	author={Tsai, Feng-Sheng and Hsu, Sheng-Yi and Shih, Mau-Hsiang},
	journal={IEEE Transactions on Network Science and Engineering}, 
	title={A Seed Growth Algorithm for Local Clustering in Complex Networks}, 
	year={2024},
	volume={11},
	number={6},
	pages={5878-5891}}
@article{ JSJA20241121007,
language={cn},
author = { 俞山青 and  宋亦聃 and  周金涛 and  周梦 and  李家祥 and  汪泽钰 and  宣琦 },
title = {基于梯度引导的社团隐匿扰动子结构优化方法},
journal = {计算机科学},
year={2024},
volume={1},
number={1},
pages = {1-15},
issn = {1002-137X}
}
@article{lee2012modularity,
  title={Modularity optimization by conformational space annealing},
  author={Lee, Juyong and Gross, Steven P and Lee, Jooyoung},
  journal={Physical Review E—Statistical, Nonlinear, and Soft Matter Physics},
  volume={85},
  number={5},
  pages={056702},
  year={2012},
  publisher={APS}
}
@article{zhang2014scalable,
  title={Scalable detection of statistically significant communities and hierarchies, using message passing for modularity},
  author={Zhang, Pan and Moore, Cristopher},
  journal={Proceedings of the National Academy of Sciences},
  volume={111},
  number={51},
  pages={18144--18149},
  year={2014},
  publisher={National Academy of Sciences}
}
@article{zhang2009modularity,
  title={Modularity optimization in community detection of complex networks},
  author={Zhang, Xiang-Sun and Wang, Rui-Sheng and Wang, Yong and Wang, Jiguang and Qiu, Yuqing and Wang, Lin and Chen, Luonan},
  journal={Europhysics Letters},
  volume={87},
  number={3},
  pages={38002},
  year={2009},
  publisher={IOP Publishing}
}
@incollection{zhang2020struct,
	title={Struct-mmsb: Mixed membership stochastic blockmodels with interpretable structured priors},
	author={Zhang, Yue and Ramesh, Arti},
	booktitle={ECAI 2020},
	pages={1698--1705},
	year={2020},
	publisher={IOS Press}
}
@article{airoldi2008mixed,
	title={Mixed membership stochastic blockmodels},
	author={Airoldi, Edoardo M and Blei, David M and Fienberg, Stephen E and Xing, Eric P},
	journal={Journal of Machine Learning Research},
	volume={9},
	number={1},
	pages={1981--2014},
	year={2008}
}
@inproceedings{qiao2017improving,
	title={Improving Stochastic Block Models by Incorporating Power-Law Degree Characteristic.},
	author={Qiao, Maoying and Yu, Jun and Bian, Wei and Li, Qiang and Tao, Dacheng},
	booktitle={Proceedings of the International Joint Conference on Artificial Intelligence},
	pages={2620--2626},
	year={2017}
}
@article{holland1976local,
	title={Local structure in social networks},
	author={Holland, Paul W and Leinhardt, Samuel},
	journal={Sociological methodology},
	volume={7},
	number={1},
	pages={1--45},
	year={1976},
	publisher={JSTOR}
}
@article{hopcroft2004tracking,
	title={Tracking evolving communities in large linked networks},
	author={Hopcroft, John and Khan, Omar and Kulis, Brian and Selman, Bart},
	journal={Proceedings of the National Academy of Sciences},
	volume={101},
	number={1},
	pages={5249--5253},
	year={2004},
	publisher={National Acad Sciences}
}
@article{palla2007quantifying,
	title={Quantifying social group evolution},
	author={Palla, Gergely and Barab{\'a}si, Albert-L{\'a}szl{\'o} and Vicsek, Tam{\'a}s},
	journal={Nature},
	volume={446},
	number={7136},
	pages={664},
	year={2007},
	publisher={Nature Publishing Group}
}
@inproceedings{sun2015matrix,
	title={Matrix Based Community Evolution Events Detection in Online Social Networks},
	author={Sun, Yang and Tang, Junhua and Pan, Li and Li, Jianhua},
	booktitle={Proceedings of the IEEE International Conference on Smart City/SocialCom/SustainCom (SmartCity)},
	pages={465--470},
	year={2015},
	organization={IEEE}
}

@article{fan2014dynamic,
  title={Dynamic infinite mixed-membership stochastic blockmodel},
  author={Fan, Xuhui and Cao, Longbing and Da Xu, Richard Yi},
  journal={IEEE Transactions on Neural Networks and Learning Systems},
  volume={26},
  number={9},
  pages={2072--2085},
  year={2014},
  publisher={IEEE}
}
@article{tang2014detecting,
	title={Detecting social media hidden communities using dynamic stochastic blockmodel with temporal dirichlet process},
	author={Tang, Xuning and Yang, Christopher C},
	journal={ACM Transactions on Intelligent Systems and Technology},
	volume={5},
	number={2},
	pages={36},
	year={2014},
	publisher={ACM}
}
@article{Dakiche2018,
	
	author = {Dakiche, Narimene and {Benbouzid-Si Tayeb}, Fatima and Slimani, Yahya and Benatchba, Karima},
	journal = {Information Processing and Management},
	keywords = {Community evolution,Dynamic community detection,Dynamic network,Social network},
	number = {3},
	pages = {1084--1102},
	publisher = {Elsevier},
	title = {{Tracking community evolution in social networks: A survey}},
	volume = {56},
	year = {2018}
}
@inproceedings{tajeuna2015tracking,
	title={Tracking the evolution of community structures in time-evolving social networks},
	author={Tajeuna, Etienne Gael and Bouguessa, Mohamed and Wang, Shengrui},
	booktitle={Proceedings of the IEEE International Conference on Data Science and Advanced Analytics},
	pages={1--10},
	year={2015},
	organization={IEEE}
}
@inproceedings{zhu2016reconstructed,
	title={A reconstructed event-based framework for analyzing community evolution},
	author={Zhu, Jinxiu and Liu, Jun and Zhang, Xuewu and Zhao, Yafang},
	booktitle={Proceedings of the IEEE International Conference on Big Data Analysis},
	pages={1--4},
	year={2016},
	organization={IEEE}
}
@article{asur2009event,
	title={An event-based framework for characterizing the evolutionary behavior of interaction graphs},
	author={Asur, Sitaram and Parthasarathy, Srinivasan and Ucar, Duygu},
	journal={ACM Transactions on Knowledge Discovery from Data},
	volume={3},
	number={4},
	pages={16},
	year={2009},
	publisher={ACM}
}
@article{brodka2013ged,
	title={GED: the method for group evolution discovery in social networks},
	author={Br{\'o}dka, Piotr and Saganowski, Stanis{\l}aw and Kazienko, Przemys{\l}aw},
	journal={Social Network Analysis and Mining},
	volume={3},
	number={1},
	pages={1--14},
	year={2013},
	publisher={Springer}
}
@inproceedings{greene2010tracking,
	title={Tracking the evolution of communities in dynamic social networks},
	author={Greene, Derek and Doyle, Donal and Cunningham, Padraig},
	booktitle={Proceedings of the 2010 International Conference on Advances in Social Networks Analysis and Mining},
	pages={176--183},
	year={2010},
	organization={IEEE}
}
@article{Yang2018, 
    title={A Poisson Gamma Probabilistic Model for Latent Node-Group Memberships in Dynamic Networks},
    volume={32}, 
    DOI={10.1609/aaai.v32i1.11719}, 
    number={1}, 
    journal={Conference on Applications of Artificial Intelligence}, 
    author={Yang, Sikun and Koeppl, Heinz}, 
    year={2018}, 
    month={Apr.} }
@inproceedings{Yang2017,
author = {Yang, Liang and Guo, Yuanfang and Jin, Di and Fu, Huazhu and Cao, Xiaochun},
title = {3-in-1 correlated embedding via adaptive exploration of the structure and semantic subspaces},
year = {2018},
isbn = {9780999241127},
publisher = {AAAI Press},
booktitle = {Proceedings of the International Joint Conference on Artificial Intelligence},
pages = {3613–3619},
numpages = {7},
location = {Stockholm, Sweden},
series = {IJCAI'18}
}

@inproceedings{Ribeiro2017,
author = {Ribeiro, Leonardo F.R. and Saverese, Pedro H.P. and Figueiredo, Daniel R.},
title = {struc2vec: Learning Node Representations from Structural Identity},
year = {2017},
isbn = {9781450348874},
publisher = {Association for Computing Machinery},
address = {New York, NY, USA},
booktitle = {Proceedings of the ACM International Conference on Knowledge Discovery and Data Mining},
pages = {385–394},
numpages = {10},
keywords = {structural identity, node embeddings, feature learning},
location = {Halifax, NS, Canada},
series = {KDD '17}
}
@article{dileo2024temporal,
	title={Temporal graph learning for dynamic link prediction with text in online social networks},
	author={Dileo, Manuel and Zignani, Matteo and Gaito, Sabrina},
	journal={Machine Learning},
	volume={113},
	number={4},
	pages={2207--2226},
	year={2024},
	publisher={Springer}
}
@article{liu2010detecting,
	title={Detecting community structure in complex networks using simulated annealing with k-means algorithms},
	author={Liu, Jian and Liu, Tingzhan},
	journal={Physica A: Statistical Mechanics and its Applications},
	volume={389},
	number={11},
	pages={2300--2309},
	year={2010},
	publisher={Elsevier}
}

@article{von2007tutorial,
	title={A tutorial on spectral clustering},
	author={Von Luxburg, Ulrike},
	journal={Statistics and computing},
	volume={17},
	number={4},
	pages={395--416},
	year={2007},
	publisher={Springer}
}
@inproceedings{yin2019local,
	title={The local closure coefficient: a new perspective on network clustering},
	author={Yin, Hao and Benson, Austin R and Leskovec, Jure},
	booktitle={Proceedings of the ACM International Conference on Web Search and Data Mining},
	pages={303--311},
	year={2019},
	organization={ACM}
}
@article{dvzamic2019ascent,
	title={Ascent--descent variable neighborhood decomposition search for community detection by modularity maximization},
	author={D{\v{z}}ami{\'c}, Du{\v{s}}an and Aloise, Daniel and Mladenovi{\'c}, Nenad},
	journal={Annals of Operations Research},
	volume={272},
	number={1-2},
	pages={273--287},
	year={2019},
	publisher={Springer}
}
@article{krzakala2013spectral,
	title={Spectral redemption in clustering sparse networks},
	author={Krzakala, Florent and Moore, Cristopher and Mossel, Elchanan and Neeman, Joe and Sly, Allan and Zdeborov{\'a}, Lenka and Zhang, Pan},
	journal={Proceedings of the National Academy of Sciences},
	volume={110},
	number={52},
	pages={20935--20940},
	year={2013},
	publisher={National Acad Sciences}
}
@inproceedings{tajeuna2016tracking,
	title={Tracking communities over time in dynamic social network},
	author={Tajeuna, Etienne Gael and Bouguessa, Mohamed and Wang, Shengrui},
	booktitle={Proceedings of the International Conference on Machine Learning and Data Mining in Pattern Recognition},
	pages={341--345},
	year={2016},
	organization={Springer}
}
@article{menze2009comparison,
	title={A comparison of random forest and its Gini importance with standard chemometric methods for the feature selection and classification of spectral data},
	author={Menze, Bjoern H and Kelm, B Michael and Masuch, Ralf and Himmelreich, Uwe and Bachert, Peter and Petrich, Wolfgang and Hamprecht, Fred A},
	journal={BMC bioinformatics},
	volume={10},
	number={1},
	pages={213},
	year={2009},
	publisher={BioMed Central}
}

@book{ben2004complex,
	title={Complex networks},
	author={Ben-Naim, Eli and Frauenfelder, Hans and Toroczkai, Zoltan},
	volume={650},
	year={2004},
	publisher={Springer Science \& Business Media}
}
@article{watts1998collective,
	title={Collective dynamics of 'small-world' networks},
	author={Watts, Duncan J and Strogatz, Steven H},
	journal={Nature},
	volume={393},
	number={6684},
	pages={440},
	year={1998},
	publisher={Nature Publishing Group}
}
@article{barabasi1999emergence,
	title={Emergence of scaling in random networks},
	author={Barab{\'a}si, Albert-L{\'a}szl{\'o} and Albert, R{\'e}ka},
	journal={Science},
	volume={286},
	number={5439},
	pages={509--512},
	year={1999},
	publisher={American Association for the Advancement of Science}
}
@article{rossetti2018community,
	title={Community discovery in dynamic networks: a survey},
	author={Rossetti, Giulio and Cazabet, R{\'e}my},
	journal={ACM Computing Surveys},
	volume={51},
	number={2},
	pages={35},
	year={2018},
	publisher={ACM}
}
@article{waltman2013smart,
	title={A smart local moving algorithm for large-scale modularity-based community detection},
	author={Waltman, Ludo and Van Eck, Nees Jan},
	journal={The European Physical Journal B},
	volume={86},
	number={11},
	pages={471},
	year={2013},
	publisher={Springer}
}
@article{krzakala2013spectral,
	title={Spectral redemption in clustering sparse networks},
	author={Krzakala, Florent and Moore, Cristopher and Mossel, Elchanan and Neeman, Joe and Sly, Allan and Zdeborov{\'a}, Lenka and Zhang, Pan},
	journal={Proceedings of the National Academy of Sciences},
	volume={110},
	number={52},
	pages={20935--20940},
	year={2013},
	publisher={National Acad Sciences}
}

@article{yang2025,
    author = {Liu, Xueyan and Song, Wenzhuo and Musial, Katarzyna and Li, Yang and Zhao, Xuehua and Yang, Bo},
    title = {Stochastic Block Models for Complex Network Analysis: A Survey},
    year = {2025},
    publisher = {Association for Computing Machinery},
    volume={1},
    number={1},
    pages={1--1},
    journal = {ACM Trans. Knowl. Discov. Data}
}
@article{holland1976local,
	title={Local structure in social networks},
	author={Holland, Paul W and Leinhardt, Samuel},
	journal={Sociological methodology},
	volume={7},
	pages={1--45},
	year={1976},
	publisher={JSTOR}
}
@inproceedings{airoldi2006mixed,
	title={Mixed membership stochastic block models for relational data with application to protein-protein interactions},
	author={Airoldi, Edoardo M and Blei, David M and Fienberg, Stephen E and Xing, Eric P and Jaakkola, Tommi},
	booktitle={Proceedings of the International Biometrics Society Annual Meeting},
	volume={15},
	year={2006}
}
@article{hoff2002latent,
	title={Latent space approaches to social network analysis},
	author={Hoff, Peter D and Raftery, Adrian E and Handcock, Mark S},
	journal={Journal of the american Statistical association},
	volume={97},
	number={460},
	pages={1090--1098},
	year={2002},
	publisher={Taylor \& Francis}
}
@inproceedings{pal2019scalable,
	title={Scalable MCMC in degree corrected stochastic block model},
	author={Pal, Soumyasundar and Coates, Mark},
	booktitle={Proceedings of the IEEE International Conference on Acoustics, Speech and Signal Processing },
	pages={5461--5465},
	year={2019},
	organization={IEEE}
}
@article{hofman2008bayesian,
	title={Bayesian approach to network modularity},
	author={Hofman, Jake M and Wiggins, Chris H},
	journal={Physical review letters},
	volume={100},
	number={25},
	pages={258701},
	year={2008},
	publisher={APS}
}
@article{qiao2018adapting,
	title={Adapting Stochastic Block Models to Power-Law Degree Distributions},
	author={Qiao, Maoying and Yu, Jun and Bian, Wei and Li, Qiang and Tao, Dacheng},
	journal={IEEE Transactions on Cybernetics},
	volume={49},
	number={2},
	pages={626--637},
	year={2018},
	publisher={IEEE}
}
@article{chen2018convexified,
	title={Convexified modularity maximization for degree-corrected stochastic block models},
	author={Chen, Yudong and Li, Xiaodong and Xu, Jiaming and others},
	journal={The Annals of Statistics},
	volume={46},
	number={4},
	pages={1573--1602},
	year={2018},
	publisher={Institute of Mathematical Statistics}
}
@article{rossetti2018community,
	title={Community discovery in dynamic networks: a survey},
	author={Rossetti, Giulio and Cazabet, R{\'e}my},
	journal={ACM Computing Surveys},
	volume={51},
	number={2},
	pages={35},
	year={2018},
	publisher={ACM}
}
@article{dakiche2019tracking,
	title={Tracking community evolution in social networks: A survey},
	author={Dakiche, Narimene and Tayeb, Fatima Benbouzid-Si and Slimani, Yahya and Benatchba, Karima},
	journal={Information Processing \& Management},
	volume={56},
	number={3},
	pages={1084--1102},
	year={2019},
	publisher={Elsevier}
}
@inproceedings{tajeuna2015tracking,
	title={Tracking the evolution of community structures in time-evolving social networks},
	author={Tajeuna, Etienne Gael and Bouguessa, Mohamed and Wang, Shengrui},
	booktitle={Proceedings of the IEEE International Conference on Data Science and Advanced Analytics},
	pages={1--10},
	year={2015},
	organization={IEEE}
}

@article{jiang2019efficient,
	title={An efficient evolutionary user interest community discovery model in dynamic social networks for internet of people},
	author={Jiang, Liang and Shi, Leilei and Liu, Lu and Yao, Jingjing and Yuan, Bo and Zheng, Yongjun},
	journal={IEEE Internet of Things Journal},
	volume={6},
	number={6},
	pages={9226--9236},
	year={2019},
	publisher={IEEE}
}
@article{yang2011detecting,
	title={Detecting communities and their evolutions in dynamic social networks—a Bayesian approach},
	author={Yang, Tianbao and Chi, Yun and Zhu, Shenghuo and Gong, Yihong and Jin, Rong},
	journal={Machine learning},
	volume={82},
	number={2},
	pages={157--189},
	year={2011},
	publisher={Springer}
}
@inproceedings{tang2011dynamic,
	title={Dynamic community detection with temporal dirichlet process},
	author={Tang, Xuning and Yang, Christopher C},
	booktitle={Proceedings of the IEEE International Conference on Privacy, Security, Risk and Trust},
	pages={603--608},
	year={2011},
	organization={IEEE}
}
@inproceedings{wu2019dynamic,
	title={Dynamic Stochastic Block Model with Scale-Free Characteristic for Temporal Complex Networks},
	author={Wu, Xunxun and Jiao, Pengfei and Wang, Yaping and Li, Tianpeng and Wang, Wenjun and Wang, Bo},
	booktitle={Proceedings of the International Conference on Database Systems for Advanced Applications},
	pages={502--518},
	year={2019},
	organization={Springer}
}

@article{kao2018hybrid,
	title={Hybrid mixed-membership blockmodel for inference on realistic network interactions},
	author={Kao, Edward K and Smith, Steven Thomas and Airoldi, Edoardo M},
	journal={IEEE Transactions on Network Science and Engineering},
	volume={6},
	number={3},
	pages={336--350},
	year={2018},
	publisher={IEEE}
}
@article{yang2018structural,
	title={Structural correlation between communities and core-periphery structures in social networks: Evidence from Twitter data},
	author={Yang, Jinfeng and Zhang, Min and Shen, Kathy Ning and Ju, Xiaofeng and Guo, Xitong},
	journal={Expert Systems with Applications},
	volume={111},
	number={1},
	pages={91--99},
	year={2018},
	publisher={Elsevier}
}
@article{palla2007quantifying,
	title={Quantifying social group evolution},
	author={Palla, Gergely and Barab{\'a}si, Albert-L{\'a}szl{\'o} and Vicsek, Tam{\'a}s},
	journal={Nature},
	volume={446},
	number={7136},
	pages={664},
	year={2007},
	publisher={Nature Publishing Group}
}
@article{ilhan2016feature,
	title={Feature identification for predicting community evolution in dynamic social networks},
	author={{\.I}lhan, Nagehan and {\"O}{\u{g}}{\"u}d{\"u}c{\"u}, {\c{S}}ule G{\"u}nd{\"u}z},
	journal={Engineering Applications of Artificial Intelligence},
	volume={55},
	number={1},
	pages={202--218},
	year={2016},
	publisher={Elsevier}
}
@article{rossetti2017tiles,
	title={Tiles: an online algorithm for community discovery in dynamic social networks},
	author={Rossetti, Giulio and Pappalardo, Luca and Pedreschi, Dino and Giannotti, Fosca},
	journal={Machine Learning},
	volume={106},
	number={8},
	pages={1213--1241},
	year={2017},
	publisher={Springer}
}
@article{menze2009comparison,
	title={A comparison of random forest and its Gini importance with standard chemometric methods for the feature selection and classification of spectral data},
	author={Menze, Bjoern H and Kelm, B Michael and Masuch, Ralf and Himmelreich, Uwe and Bachert, Peter and Petrich, Wolfgang and Hamprecht, Fred A},
	journal={BMC bioinformatics},
	volume={10},
	number={1},
	pages={213},
	year={2009},
	publisher={BioMed Central}
}
@article{folino2014evolutionary,
	title={An evolutionary multiobjective approach for community discovery in dynamic networks},
	author={Folino, Francesco and Pizzuti, Clara},
	journal={IEEE Transactions on Knowledge and Data Engineering},
	volume={26},
	number={8},
	pages={1838--1852},
	year={2014},
	publisher={IEEE}
}

@article{jutla2011generalized,
	title={A variance-aware multiobjective Louvain-like method for community detection in multiplex networks},
	author={Venturini, Sara and Cristofari, Andrea and Rinaldi, Francesco and Tudisco, Francesco},
	journal={Journal of Complex Networks},
	volume={10},
	number={6},
	pages={cnac048},
	year={2022},
	publisher={Oxford University Press}
}
@article{liu2018global,
	title={Global spectral clustering in dynamic networks},
	author={Liu, Fuchen and Choi, David and Xie, Lu and Roeder, Kathryn},
	journal={Proceedings of the National Academy of Sciences},
	volume={115},
	number={5},
	pages={927--932},
	year={2018},
	publisher={National Acad Sciences}
}
@inproceedings{karaaslanli2020constrained,
  title={Constrained spectral clustering for dynamic community detection},
  author={Karaaslanli, Abdullah and Aviyente, Selin},
  booktitle={Proceedings of the 2020 IEEE International Conference on Acoustics, Speech and Signal Processing},
  pages={8474--8478},
  year={2020},
  organization={IEEE}
}
@article{karaaslanli2021community,
  title={Community detection in dynamic networks: Equivalence between stochastic blockmodels and evolutionary spectral clustering},
  author={Karaaslanl{\i}, Abdullah and Aviyente, Selin},
  journal={IEEE Transactions on Signal and Information Processing over Networks},
  volume={7},
  number={1},
  pages={130--143},
  year={2021},
  publisher={IEEE}
}

@article{gong2007machine,
	title={Mutual information and the encoding of contingency tables},
	author={Jerdee, Maximilian and Kirkley, Alec and Newman, MEJ},
	journal={Physical Review E},
	volume={110},
	number={6},
	pages={064306},
	year={2024},
	publisher={APS}
}
@inproceedings{lin2008facetnet,
	title={Facetnet: a framework for analyzing communities and their evolutions in dynamic networks},
	author={Lin, Yu-Ru and Chi, Yun and Zhu, Shenghuo and Sundaram, Hari and Tseng, Belle L},
	booktitle={Proceedings of the International Conference on World Wide Web},
	pages={685--694},
	year={2008},
	organization={ACM}
}
@inproceedings{greene2010tracking,
	title={Tracking the evolution of communities in dynamic social networks},
	author={Greene, Derek and Doyle, Donal and Cunningham, Padraig},
	booktitle={Proceedings of the International Conference on Advances in Social Networks Analysis and Mining},
	pages={176--183},
	year={2010},
	organization={IEEE}
}

@article{gorkedynamic,
	title={Dynamic network of email communication at the Department of Informatics at Karlsruhe Institute of Technology (KIT)},
	author={Grke, R and Holzer, M},
	pages={1--1},
	year={2011}
}

@inproceedings{konect:2017:dblp-cite,
  title={Konect: the koblenz network collection},
  author={Kunegis, J{\'e}r{\^o}me},
  booktitle={Proceedings of the 22nd International Conference on World Wide Web},
  pages={1343--1350},
  year={2013}
}
@inproceedings{jaiyeoba2019graphtinker,
	title={GraphTinker: A High Performance Data Structure for Dynamic Graph Processing},
	author={Jaiyeoba, Wole and Skadron, Kevin},
	booktitle={Proceedings of the IEEE International Parallel and Distributed Processing Symposium},
	pages={1030--1041},
	year={2019},
	organization={IEEE}
}
@inproceedings{sun2007graphscope,
	title={Graphscope: parameter-free mining of large time-evolving graphs},
	author={Sun, Jimeng and Faloutsos, Christos and Faloutsos, Christos and Papadimitriou, Spiros and Yu, Philip S},
	booktitle={Proceedings of the ACM international conference on Knowledge discovery and data mining},
	pages={687--696},
	year={2007},
	organization={ACM}
}
@article{cordeiro2016dynamic,
	title={Dynamic community detection in evolving networks using locality modularity optimization},
	author={Cordeiro, M{\'a}rio and Sarmento, Rui Portocarrero and Gama, Jo{\~a}o},
	journal={Social Network Analysis and Mining},
	volume={6},
	number={1},
	pages={15},
	year={2016},
	publisher={Springer}
}
@article{lyf2015,
	title={一种新的社区/动态社区优化方法},
	author={李亚芳 and 贾彩燕 and 于剑 and 刘光明},
	journal={数据采集与处理},
	volume={30},
	number={6},
	pages={1215--1224},
	year={2015}
}
@article{huang2019community,
	title={Community discovering in temporal network with spectral fusion},
	author={Huang, Qiangjuan and Zhao, Chengli and Zhang, Xue and Yi, Dongyun},
	journal={Chaos},
	volume={29},
	number={4},
	pages={043122},
	year={2019}}

@article{sewell2017latent,
	title={Latent space approaches to community detection in dynamic networks},
	author={Sewell, Daniel K and Chen, Yuguo},
	journal={Bayesian Analysis},
	volume={12},
	number={2},
	pages={351--377},
	year={2017}}
@article{yang2015a,
	title={A Unified Semi-Supervised Community Detection Framework Using Latent Space Graph Regularization},
	author={Yang, Liang and Cao, Xiaochun and Jin, Di and Wang, Xiao and Meng, Dan},
	journal={IEEE Transactions on Systems, Man, and Cybernetics},
	volume={45},
	number={11},
	pages={2585--2598},
	year={2015}}
@article{pensky2017spectral,
	title={Spectral clustering in the dynamic stochastic block model},
	author={Pensky, Marianna and Zhang, Teng},
	journal={arXiv: Methodology},
	year={2017}}
@inproceedings{wu2019dynamic,
	title={Dynamic Stochastic Block Model with Scale-Free Characteristic for Temporal Complex Networks.},
	author={Wu, Xunxun and Jiao, Pengfei and Wang, Yaping and Li, Tianpeng and Wang, Wenjun and Wang, Bo},
	pages={502--518},
	year={2019}}
@article{mucha2010community,
	title={Community Structure in Time-Dependent, Multiscale, and Multiplex Networks},
	author={Mucha, Peter J and Richardson, Thomas and Macon, Kevin T and Porter, Mason A and Onnela, Jukkapekka},
	journal={Science},
	volume={328},
	number={5980},
	pages={876--878},
	year={2010}}
@article{zhao2023dynamic,
  title={Dynamic community detection considering daily rhythms of human mobility},
  author={Zhao, Yuhui and Chen, Bi Yu and Gao, Fei and Zhu, Xinyan},
  journal={Travel Behaviour and Society},
  volume={31},
  number={1},
  pages={209--222},
  year={2023},
  publisher={Elsevier}
}
@ARTICLE{10502242,
  author={Ai, Yun and Xie, Xianghua and Ma, Xiaoke},
  journal={IEEE Transactions on Emerging Topics in Computational Intelligence}, 
  title={Graph Contrastive Learning for Tracking Dynamic Communities in Temporal Networks}, 
  year={2024},
  volume={8},
  number={5},
  pages={3422-3435}}
@ARTICLE{10452807,
  author={Wu, Kaichao and Jelfs, Beth and Neville, Katrina and Mahmoud, Seedahmed S. and He, Wenzhen and Fang, Qiang},
  journal={IEEE Journal of Biomedical and Health Informatics}, 
  title={Dynamic Reconfiguration of Brain Functional Network in Stroke}, 
  year={2024},
  volume={28},
  number={6},
  pages={3649-3659}}

@inproceedings{chakrabarti2006evolutionary,
	title={Evolutionary clustering},
	author={Chakrabarti, Deepayan and Kumar, Ravi and Tomkins, Andrew},
	booktitle={Proceedings of the ACM International Conference on Knowledge Discovery and Data Mining},
	pages={554--560},
	year={2006}
}
@article{tang2014detecting,
	title={Detecting Social Media Hidden Communities Using Dynamic Stochastic Blockmodel with Temporal Dirichlet Process},
	author={Tang, Xuning and Yang, Christopher C},
	journal={ACM Transactions on Intelligent Systems and Technology},
	volume={5},
	number={2},
	pages={36},
	year={2014}}
@article{yu2018detecting,
	title={Detecting node propensity changes in the dynamic degree corrected stochastic block model},
	author={Yu, Lisha and Woodall, William H and Tsui, Kwokleung},
	journal={Social Networks},
	volume={54},
	number={1},
	pages={209--227},
	year={2018}}
@inproceedings{xu2013dynamic,
	title={Dynamic stochastic blockmodels: Statistical models for time-evolving networks},
	author={Xu, Kevin S and Hero III, Alfred O},
	booktitle={International conference on social computing, behavioral-cultural modeling, and prediction},
	pages={201--210},
	year={2013},
	organization={Springer}
}
@article{dakiche2019tracking,
	title={Tracking community evolution in social networks: A survey},
	author={Dakiche, Narimene and Tayeb, Fatima Benbouzidsi and Slimani, Yahya and Benatchba, Karima},
	journal={Information Processing and Management},
	volume={56},
	number={3},
	pages={1084--1102},
	year={2019}}
@article{asur2009an,
	title={An event-based framework for characterizing the evolutionary behavior of interaction graphs},
	author={Asur, Sitaram and Parthasarathy, Srinivasan and Ucar, Duygu},
	journal={ACM Transactions on Knowledge Discovery From Data},
	volume={3},
	number={4},
	pages={16--26},
	year={2009}}
@article{palla2007quantifying,
	title={Quantifying social group evolution},
	author={Palla, Gergely and Barabasi, Albertlaszlo and Vicsek, Tamas},
	journal={Nature},
	volume={446},
	number={7136},
	pages={664--667},
	year={2007}}
@article{brodka2013ged:,
	title={GED: the method for group evolution discovery in social networks},
	author={Brodka, Piotr and Saganowski, Stanislaw and Kazienko, Przemyslaw},
	journal={Social Network Analysis and Mining},
	volume={3},
	number={1},
	pages={1--14},
	year={2013}}

@inproceedings{greene2010tracking,
	title={Tracking the evolution of communities in dynamic social networks},
	author={Greene, Derek and Doyle, Donal and Cunningham, Padraig},
	booktitle={Proceedings of the International Conference on Advances in Social Networks Analysis and Mining},
	pages={176--183},
	year={2010},
	organization={IEEE}
}

@inproceedings{gao2016evolutionary,
	title={Evolutionary community discovery in dynamic networks based on leader nodes},
	author={Gao, Wenhao and Luo, Wenjian and Bu, Chenyang},
	booktitle={Proceedings of the International Conference on Big Data and Smart Computing},
	pages={53--60},
	year={2016},
	organization={IEEE}
}
@inproceedings{tantipathananandh2011finding,
	title={Finding communities in dynamic social networks},
	author={Tantipathananandh, Chayant and Berger-Wolf, Tanya Y},
	booktitle={Proceedings of the IEEE International Conference on Data Mining},
	pages={1236--1241},
	year={2011},
	organization={IEEE}
}

@inproceedings{tajeuna2015tracking,
	title={Tracking the evolution of community structures in time-evolving social networks},
	author={Tajeuna, Etienne Gael and Bouguessa, Mohamed and Wang, Shengrui},
	booktitle={Proceedings of the IEEE International Conference on Data Science and Advanced Analytics},
	pages={1--10},
	year={2015},
	organization={IEEE}
}



@article{wu2007group,
	title={群体性事件预警指标体系研究},
	author={吴竹},
	journal={政法学刊},
	volume={24},
	number={3},
	pages={63-67},
	year={2007},
}




%TKDE chap5

% Journals

% First the Full Name is given, then the abbreviation used in the AMS Math
% Reviews, with an indication if it could not be found there.
% Note the 2nd overwrites the 1st, so swap them if you want the full name.

 %{AMS}


%Entries

 @article{du2015tracking,
  title={Tracking temporal community strength in dynamic networks},
  author={Du, Nan and Jia, Xiaowei and Gao, Jing and Gopalakrishnan, Vishrawas and Zhang, Aidong},
  journal={IEEE Transactions on Knowledge and Data Engineering},
  volume={27},
  number={11},
  pages={3125--3137},
  year={2015},
  publisher={IEEE}
}
@article{karaaslanli2021community,
  title={Community Detection in Dynamic Networks: Equivalence Between Stochastic Blockmodels and Evolutionary Spectral Clustering},
  author={Karaaslanl{\i}, Abdullah and Aviyente, Selin},
  journal={IEEE Transactions on Signal and Information Processing over Networks},
  volume={7},
  number={1},
  pages={130--143},
  year={2021},
  publisher={IEEE}
}

@article{han2019identification,
  title={Identification of dynamical behavior of pseudoperiodic time series by network community structure},
  author={Han, Xinyu and Zhao, Yi and Small, Michael},
  journal={IEEE Transactions on Circuits and Systems II: Express Briefs},
  volume={66},
  number={11},
  pages={1905--1909},
  year={2019},
  publisher={IEEE}
}

@ARTICLE{10535312,
	author={Cheng, Xi and Huo, Yu and Lin, Sheng and Dong, Youqiang and Zhao, Shaobo and Zhang, Min and Wang, Hai},
	journal={IEEE Transactions on Instrumentation and Measurement}, 
	title={Deep Feature Aggregation Network for Hyperspectral Anomaly Detection}, 
	year={2024},
	volume={73},
	number={1},
	pages={1-16}}

 

@article{amraee2018anomaly,
  title={Anomaly detection and localization in crowded scenes using connected component analysis},
  author={Amraee, Somaieh and Vafaei, Abbas and Jamshidi, Kamal and Adibi, Peyman},
  journal={Multimedia Tools and Applications},
  volume={77},
  number={12},
  pages={14767--14782},
  year={2018},
  publisher={Springer}
}

@article{kasai2016network,
  title={Network volume anomaly detection and identification in large-scale networks based on online time-structured traffic tensor tracking},
  author={Kasai, Hiroyuki and Kellerer, Wolfgang and Kleinsteuber, Martin},
  journal={IEEE Transactions on Network and Service Management},
  volume={13},
  number={3},
  pages={636--650},
  year={2016},
  publisher={IEEE}
}


@article{dai2024gated,
	title={A gated cross-domain collaborative network for underwater object detection},
	author={Dai, Linhui and Liu, Hong and Song, Pinhao and Liu, Mengyuan},
	journal={Pattern Recognition},
	volume={149},
	number={1},
	pages={110222},
	year={2024},
	publisher={Elsevier}
}
@inproceedings{yan2024modeling,
	title={Modeling scholarly collaboration and temporal dynamics in citation networks for impact prediction},
	author={Yan, Pengwei and Kang, Yangyang and Jiang, Zhuoren and Song, Kaisong and Lin, Tianqianjin and Sun, Changlong and Liu, Xiaozhong},
	booktitle={Proceedings of the 47th International ACM SIGIR Conference on Research and Development in Information Retrieval},
	pages={2522--2526},
	year={2024}
}

@article{singh2024social,
	title={Social network analysis: A survey on process, tools, and application},
	author={Singh, Shashank Sheshar and Muhuri, Samya and Mishra, Shivansh and Srivastava, Divya and Shakya, Harish Kumar and Kumar, Neeraj},
	journal={ACM Computing Surveys},
	volume={56},
	number={8},
	pages={1--39},
	year={2024},
	publisher={ACM New York, NY}
	}



@article{lim2024future,
	title={Future of generative adversarial networks (GAN) for anomaly detection in network security: A review},
	author={Lim, Willone and Yong, Kelvin Sheng Chek and Lau, Bee Theng and Tan, Colin Choon Lin},
	journal={Computers \& Security},
	volume={139},
	number={1},
	pages={103733},
	year={2024},
	publisher={Elsevier}
}

@inproceedings{li2024unsupervised,
	title={Unsupervised Graph Anomaly Detection on Directed Attribute Network},
	author={Li, Haoyang and Wang, Siwei and Liu, Xinwang and Gan, Xinbiao},
	booktitle={2024 International Joint Conference on Neural Networks (IJCNN)},
	pages={1--8},
	year={2024},
	organization={IEEE}
}


@article{hayat2024deep,
	title={A deep co-evolution architecture for anomaly detection in dynamic networks},
	author={Hayat, Malik Khizar and Daud, Ali and Banjar, Ameen and Alharbey, Riad and Bukhari, Amal},
	journal={Multimedia Tools and Applications},
	volume={83},
	number={14},
	pages={40489--40508},
	year={2024},
	publisher={Springer}
}

@article{borgatti2009network,
  title={Network analysis in the social sciences},
  author={Borgatti, Stephen P and Mehra, Ajay and Brass, Daniel J and Labianca, Giuseppe},
  journal={Science},
  volume={323},
  number={5916},
  pages={892--895},
  year={2009},
  publisher={American Association for the Advancement of Science}
}


@article{huang2015triadic,
  title={Triadic closure pattern analysis and prediction in social networks},
  author={Huang, Hong and Tang, Jie and Liu, Lu and Luo, JarDer and Fu, Xiaoming},
  journal={IEEE Transactions on Knowledge and Data Engineering},
  volume={27},
  number={12},
  pages={3374--3389},
  year={2015},
  publisher={IEEE}
}


@inproceedings{qin2011evolution,
  title={Evolution pattern discovery in dynamic networks},
  author={Qin, Guimin and Yang, Jianye and Gao, Lin and Li, Jiajia},
  booktitle={Proceedings of the IEEE International Conference on Signal Processing, Communications and Computing},
  pages={1--6},
  year={2011},
  organization={IEEE}
}


@INPROCEEDINGS{10597831,
	author={Chen, Dong and Zhao, Xiang and Xiao, Weidong},
	booktitle={Proceedings of the IEEE 40th International Conference on Data Engineering}, 
	title={Fine-Grained Anomaly Detection on Dynamic Graphs via Attention Alignment}, 
	year={2024},
	volume={},
	number={},
	pages={3178-3190},
	keywords={Image edge detection;Contrastive learning;Benchmark testing;Transformers;Data engineering;Task analysis;Anomaly detection;Anonymous Edge Detection;Dynamic Graph;Graph transformer;Contrastive Learning},
	doi={10.1109/ICDE60146.2024.00246}}


@article{heard2010bayesian,
  title={Bayesian anomaly detection methods for social networks},
  author={Heard, Nicholas A and Weston, David J and Platanioti, Kiriaki and Hand, David J},
  journal={The Annals of Applied Statistics},
  number={1},
  volume={1},
  pages={645--662},
  year={2010},
  publisher={JSTOR}
}


@inproceedings{mongiovi2013mining,
  title={Mining evolving network processes},
  author={Mongiovi, Misael and Bogdanov, Petko and Singh, Ambuj K},
  booktitle={Proceedings of the IEEE International Conference on Data Mining},
  pages={537--546},
  number={1},
  volume={1},
  year={2013},
  organization={IEEE}
}

@inproceedings{peel2015detecting,
  title={Detecting change points in the large-scale structure of evolving networks},
  author={Peel, Leto and Clauset, Aaron},
  booktitle={Proceedings of the AAAI conference on artificial intelligence},
  volume={29},
  number={1},
  pages={1--1}
  year={2015}
}

@article{wang2019nodes,
  title={A Nodes' Evolution Diversity Inspired Method to Detect Anomalies in Dynamic Social Networks},
  author={Wang, Huan and Qiao, Chunming},
  journal={IEEE Transactions on Knowledge and Data Engineering},
  volume={32},
  number={10},
  pages={1868--1880},
  year={2019},
  publisher={IEEE}
}


@inproceedings{cheng2008robust,
  title={A robust graph-based algorithm for detection and characterization of anomalies in noisy multivariate time series},
  author={Cheng, Haibin and Tan, Pang-Ning and Potter, Christopher and Klooster, Steven},
  booktitle={Proceedings of the 2008 IEEE International Conference on Data Mining Workshops},
  pages={349--358},
  year={2008},
  organization={IEEE}
}




@article{hulovatyy2016scout,
  title={SCOUT: simultaneous time segmentation and community detection in dynamic networks},
  author={Hulovatyy, Yuriy and Milenkovi{\'c}, Tijana},
  journal={Scientific Reports},
  volume={6},
  number={1},
  pages={37557},
  year={2016},
  publisher={Nature Publishing Group}
}

@article{cheung2020simultaneous,
  title={Simultaneous detection of multiple change points and community structures in time series of networks},
  author={Cheung, Rex CY and Aue, Alexander and Hwang, Seungyong and Lee, Thomas CM},
  journal={IEEE Transactions on Signal and Information Processing over Networks},
  volume={6},
  number={},
  pages={580--591},
  year={2020},
  publisher={IEEE}
}

@inproceedings{miller2013efficient,
  title={Efficient anomaly detection in dynamic, attributed graphs: Emerging phenomena and big data},
  author={Miller, Benjamin A and Arcolano, Nicholas and Bliss, Nadya T},
  booktitle={Proceedings of the IEEE International Conference on Intelligence and Security Informatics},
  pages={179--184},
  year={2013},
  organization={IEEE}
}

@inproceedings{sun2007less,
  title={Less is more: Compact matrix decomposition for large sparse graphs},
  author={Sun, Jimeng and Xie, Yinglian and Zhang, Hui and Faloutsos, Christos},
  booktitle={Proceedings of the SIAM International Conference on Data Mining},
  pages={366--377},
  year={2007},
  organization={SIAM}
}


@article{zhu2020change,
  title={Change Point Detection in Dynamic Networks Based on Community Identification},
  author={Zhu, Tingting and Li, Ping and Yu, Lanlan and Chen, Kaiqi and Chen, Yan},
  journal={IEEE Transactions on Network Science and Engineering},
  volume={7},
  number={3},
  pages={2067--2077},
  year={2020},
  publisher={IEEE}
}


@inproceedings{koutra2013deltacon,
  title={Deltacon: A principled massive-graph similarity function},
  author={Koutra, Danai and Vogelstein, Joshua T and Faloutsos, Christos},
  booktitle={Proceedings of the SIAM International Conference on Data Mining},
  pages={162--170},
  year={2013},
  organization={SIAM}
}


@article{brodka2013ged,
  title={GED: the method for group evolution discovery in social networks},
  author={Br{\'o}dka, Piotr and Saganowski, Stanis{\l}aw and Kazienko, Przemys{\l}aw},
  journal={Social Network Analysis and Mining},
  volume={3},
  number={1},
  pages={1--14},
  year={2013},
  publisher={Springer}
}


@article{he2015fast,
  title={A fast algorithm for community detection in temporal network},
  author={He, Jialin and Chen, Duanbing},
  journal={Physica A: Statistical Mechanics and its Applications},
  volume={429},
  number={1},
  pages={87--94},
  year={2015},
  publisher={Elsevier}
}


@article{rossetti2017tiles,
  title={Tiles: an online algorithm for community discovery in dynamic social networks},
  author={Rossetti, Giulio and Pappalardo, Luca and Pedreschi, Dino and Giannotti, Fosca},
  journal={Machine Learning},
  volume={106},
  number={8},
  pages={1213--1241},
  year={2017},
  publisher={Springer}
}


@article{chandola2009anomaly,
  title={Anomaly detection: A survey},
  author={Chandola, Varun and Banerjee, Arindam and Kumar, Vipin},
  journal={ACM Computing Surveys},
  volume={41},
  number={3},
  pages={1--58},
  year={2009},
  publisher={ACM New York, NY, USA}
}
@inproceedings{he2024diffusion,
	title={A diffusion-based framework for multi-class anomaly detection},
	author={He, Haoyang and Zhang, Jiangning and Chen, Hongxu and Chen, Xuhai and Li, Zhishan and Chen, Xu and Wang, Yabiao and Wang, Chengjie and Xie, Lei},
	booktitle={Proceedings of the AAAI conference on artificial intelligence},
	volume={38},
	number={8},
	pages={8472--8480},
	year={2024}
}
@inproceedings{zheng2019addgraph,
  title={AddGraph: Anomaly Detection in Dynamic Graph Using Attention-based Temporal GCN.},
  author={Zheng, Li and Li, Zhenpeng and Li, Jian and Li, Zhao and Gao, Jun},
  booktitle={Proceedings of the International Joint Conference on Artificial Intelligence},
  pages={4419--4425},
  year={2019}
}

@inproceedings{aggarwal2011outlier,
  title={Outlier detection in graph streams},
  author={Aggarwal, Charu C and Zhao, Yuchen and Philip, S Yu},
  booktitle={Proceedings of the IEEE International Conference on Data Engineering},
  pages={399--409},
  year={2011},
  organization={IEEE}
}

@inproceedings{huang2020laplacian,
  title={Laplacian Change Point Detection for Dynamic Graphs},
  author={Huang, Shenyang and Hitti, Yasmeen and Rabusseau, Guillaume and Rabbany, Reihaneh},
  booktitle={Proceedings of the 26th ACM SIGKDD International Conference on Knowledge Discovery \& Data Mining},
  pages={349--358},
  year={2020}
}


@inproceedings{yu2018netwalk,
  title={Netwalk: A flexible deep embedding approach for anomaly detection in dynamic networks},
  author={Yu, Wenchao and Cheng, Wei and Aggarwal, Charu C and Zhang, Kai and Chen, Haifeng and Wang, Wei},
  booktitle={Proceedings of the ACM International Conference on Knowledge Discovery \& Data Mining},
  pages={2672--2681},
  year={2018}
}

@inproceedings{shin2016m,
  title={M-zoom: Fast dense-block detection in tensors with quality guarantees},
  author={Shin, Kijung and Hooi, Bryan and Faloutsos, Christos},
  booktitle={Proceedings of the Joint European Conference on Machine Learning and Knowledge Discovery in Databases},
  pages={264--280},
  year={2016},
  organization={Springer}
}


@inproceedings{shin2017d,
  title={D-cube: Dense-block detection in terabyte-scale tensors},
  author={Shin, Kijung and Hooi, Bryan and Kim, Jisu and Faloutsos, Christos},
  booktitle={Proceedings of the ACM International Conference on Web Search and Data Mining},
  pages={681--689},
  year={2017}
}


@inproceedings{ranshous2016scalable,
  title={A scalable approach for outlier detection in edge streams using sketch-based approximations},
  author={Ranshous, Stephen and Harenberg, Steve and Sharma, Kshitij and Samatova, Nagiza F},
  booktitle={Proceedings of the SIAM International Conference on Data Mining},
  pages={189--197},
  year={2016},
  organization={SIAM}
}


@article{patcha2007overview,
  title={An overview of anomaly detection techniques: Existing solutions and latest technological trends},
  author={Patcha, Animesh and Park, Jung-Min},
  journal={Computer Networks},
  volume={51},
  number={12},
  pages={3448--3470},
  year={2007},
  publisher={Elsevier}
}



@inproceedings{eswaran2018spotlight,
  title={Spotlight: Detecting anomalies in streaming graphs},
  author={Eswaran, Dhivya and Faloutsos, Christos and Guha, Sudipto and Mishra, Nina},
  booktitle={Proceedings of the ACM International Conference on Knowledge Discovery \& Data Mining},
  pages={1378--1386},
  year={2018}
}

@article{akaike1974new,
  title={A new look at the statistical model identification},
  author={Akaike, Hirotugu},
  journal={IEEE Transactions on Automatic Control},
  volume={19},
  number={6},
  pages={716--723},
  year={1974},
  publisher={Ieee}
}


@article{schwarz1978estimating,
  title={Estimating the dimension of a model},
  author={Schwarz, Gideon and others},
  journal={Annals of Statistics},
  volume={6},
  number={2},
  pages={461--464},
  year={1978},
  publisher={Institute of Mathematical Statistics}
}


@article{karrar2016resumption,
  title={The resumption of Sino--Central Asian trade, c. 1983--94: confidence building and reform along a Cold War fault line},
  author={Karrar, Hasan H},
  journal={Central Asian Survey},
  volume={35},
  number={3},
  pages={334--350},
  year={2016},
  publisher={Taylor \& Francis}
}



@article{cuaresma2012borders,
  title={Borders redrawn: Measuring the statistical creation of international trade},
  author={Cuaresma, Jesus Crespo and Roser, Max},
  journal={The World Economy},
  volume={35},
  number={7},
  pages={946--952},
  year={2012},
  publisher={Wiley Online Library}
}
@inproceedings{greene2010tracking,
  title={Tracking the evolution of communities in dynamic social networks},
  author={Greene, Derek and Doyle, Donal and Cunningham, Padraig},
  booktitle={Proceedings of the International Conference on Advances in Social Networks Analysis and Mining},
  pages={176--183},
  year={2010},
  organization={IEEE}
}
@Misc{gorkedynamic,
  title                    = {Dynamic network of email communication at the Department of Informatics at Karlsruhe Institute of Technology},
  author                   = {G{\"o}rke, R and Holzer, M and Hopp, O and Theuerkorn, J and Scheibenberger, K},
  pages={1--1}
  year                     = {2011}
}

@article{benston2002enron,
  title={Enron: what happened and what we can learn from it},
  author={Benston, George J and Hartgraves, Al L},
  journal={Journal of Accounting and Public Policy},
  volume={21},
  number={2},
  pages={105--127},
  year={2002},
  publisher={Elsevier}
}

@article{liu2020detecting,
  title={Detecting the evolving community structure in dynamic social networks},
  author={Liu, Fanzhen and Wu, Jia and Xue, Shan and Zhou, Chuan and Yang, Jian and Sheng, Quanzheng},
  journal={World Wide Web},
  volume={23},
  number={2},
  pages={715--733},
  year={2020},
  publisher={Springer}
}


@inproceedings{liu2019evolutionary,
  title={Evolutionary community detection in dynamic social networks},
  author={Liu, Fanzhen and Wu, Jia and Zhou, Chuan and Yang, Jian},
  booktitle={Proceedings of the 2019 International Joint Conference on Neural Networks},
  pages={1--7},
  year={2019},
  organization={IEEE}
}
@Article{liu2018using,
  title={Global spectral clustering in dynamic networks},
  author={Liu, Fuchen and Choi, David and Xie, Lu and Roeder, Kathryn},
  journal={Proceedings of the National Academy of Sciences},
  volume={115},
  number={5},
  pages={927--932},
  year={2018},
  publisher={National Acad Sciences}
}
@Article{yang2011detecting,
  Title                    = {Detecting communities and their evolutions in dynamic social networks—a Bayesian approach},
  Author                   = {Yang, Tianbao and Chi, Yun and Zhu, Shenghuo and Gong, Yihong and Jin, Rong},
  Journal                  = {Machine learning},
  Year                     = {2011},
  Number                   = {2},
  Pages                    = {157--189},
  Volume                   = {82},
  Publisher                = {Springer}
}

@inproceedings{yu2017spatio,
	title={Spatio-Temporal Graph Convolutional Networks: A Deep Learning Framework for Traffic Forecasting},
	author={Yu, Bing and Yin, Haoteng and Zhu, Zhanxing},
	booktitle={Proceedings of the 27th International Joint Conference on Artificial Intelligence},
	pages={3634--3640},
	year={2018},
	organization={International Joint Conferences on Artificial Intelligence Organization}
}
@inproceedings{yu2018netwalk,
  title={Netwalk: A flexible deep embedding approach for anomaly detection in dynamic networks},
  author={Yu, Wenchao and Cheng, Wei and Aggarwal, Charu C and Zhang, Kai and Chen, Haifeng and Wang, Wei},
  booktitle={Proceedings of the ACM international conference on knowledge discovery \& data mining},
  pages={2672--2681},
  year={2018}
}
@inproceedings{pareja2020evolvegcn,
  title={Evolvegcn: Evolving graph convolutional networks for dynamic graphs},
  author={Pareja, Aldo and Domeniconi, Giacomo and Chen, Jie and Ma, Tengfei and Suzumura, Toyotaro and Kanezashi, Hiroki and Kaler, Tim and Schardl, Tao and Leiserson, Charles},
  booktitle={Proceedings of the Conference on Applications of Artificial Intelligence},
  volume={34},
  number={04},
  pages={5363--5370},
  year={2020}
}
@article{lin2009analyzing,
  title={Analyzing communities and their evolutions in dynamic social networks},
  author={Lin, Yu-Ru and Chi, Yun and Zhu, Shenghuo and Sundaram, Hari and Tseng, Belle L},
  journal={ACM Transactions on Knowledge Discovery from Data},
  volume={3},
  number={2},
  pages={1--31},
  year={2009},
  publisher={ACM New York, NY, USA}
}
@inproceedings{park2022cgc,
  title={Cgc: Contrastive graph clustering forcommunity detection and tracking},
  author={Park, Namyong and Rossi, Ryan and Koh, Eunyee and Burhanuddin, Iftikhar Ahamath and Kim, Sungchul and Du, Fan and Ahmed, Nesreen and Faloutsos, Christos},
  booktitle={Proceedings of the ACM Web Conference 2022},
  pages={1115--1126},
  year={2022}
}

@article{hartmann2016clustering,
	title={Clustering evolving networks},
	author={Hartmann, Tanja and Kappes, Andrea and Wagner, Dorothea},
	journal={Algorithm engineering: Selected results and surveys},
	volume={1},
	number={1},
	pages={280--329},
	year={2016},
	publisher={Springer}
}

@article{worldset2002,
	title={Expanded trade and GDP data},
	author={Gleditsch, Kristian Skrede},
	journal={Journal of Conflict Resolution},
	volume={46},
	number={5},
	pages={712--724},
	year={2002},
	publisher={Sage Publications Thousand Oaks}
}

@article{bhat2014hoctracker,
  title={HOCTracker: Tracking the evolution of hierarchical and overlapping communities in dynamic social networks},
  author={Bhat, Sajid Yousuf and Abulaish, Muhammad},
  journal={IEEE Transactions on Knowledge and Data engineering},
  volume={27},
  number={4},
  pages={1019--1013},
  year={2014},
  publisher={IEEE}
}

@article{miller2020size,
  title={Size agnostic change point detection framework for evolving networks},
  author={Miller, Hadar and Mokryn, Osnat},
  journal={Plos One},
  volume={15},
  number={4},
  pages={e0231035},
  year={2020},
  publisher={Public Library of Science San Francisco, CA USA}
}

@article{baingana2015joint,
  title={Joint community and anomaly tracking in dynamic networks},
  author={Baingana, Brian and Giannakis, Georgios B},
  journal={IEEE Transactions on Signal Processing},
  volume={64},
  number={8},
  pages={2013--2025},
  year={2015},
  publisher={IEEE}
}


@article{gill2019transformative,
  title={Transformative effects of IoT, Blockchain and Artificial Intelligence on cloud computing: Evolution, vision, trends and open challenges},
  author={Gill, Sukhpal Singh and Tuli, Shreshth and Xu, Minxian and Singh, Inderpreet and Singh, Karan Vijay and Lindsay, Dominic and Tuli, Shikhar and Smirnova, Daria and Singh, Manmeet and Jain, Udit and others},
  journal={Internet of Things},
  volume={8},
  number={1},
  pages={100118},
  year={2019},
  publisher={Elsevier}
}


@article{tuli2020healthfog,
  title={HealthFog: An ensemble deep learning based Smart Healthcare System for Automatic Diagnosis of Heart Diseases in integrated IoT and fog computing environments},
  author={Tuli, Shreshth and Basumatary, Nipam and Gill, Sukhpal Singh and Kahani, Mohsen and Arya, Rajesh Chand and Wander, Gurpreet Singh and Buyya, Rajkumar},
  journal={Future Generation Computer Systems},
  volume={104},
  number={1},
  pages={187--200},
  year={2020},
  publisher={Elsevier}
}


@article{ansari2019new,
  title={A new dimension to spectrum management in IoT empowered 5G networks},
  author={Ansari, Rafay Iqbal and Pervaiz, Haris and Hassan, Syed Ali and Chrysostomou, Chrysostomos and Imran, Muhammad Ali and Mumtaz, Shahid and Tafazolli, Rahim},
  journal={IEEE Network},
  volume={33},
  number={4},
  pages={186--193},
  year={2019},
  publisher={IEEE}
}


@ARTICLE{8648298,
  author={Xiao, Lin and Zhang, Yongsheng and Hu, Zeshan and Dai, Jianhua},
  journal={IEEE Transactions on Industrial Informatics}, 
  title={Performance Benefits of Robust Nonlinear Zeroing Neural Network for Finding Accurate Solution of Lyapunov Equation in Presence of Various Noises}, 
  year={2019},
  volume={15},
  number={9},
  pages={5161-5171},
  doi={10.1109/TII.2019.2900659}
}

@article{LI2025107412,
	title = {Noise-resistant predefined-time convergent ZNN models for dynamic least squares and multi-agent systems},
	journal = {Neural Networks},
	volume = {187},
	number = {1},
	pages = {107412},
	year = {2025},
	issn = {0893-6080},
	author = {Yiwei Li and Jiaxin Liu and Lei Jia and Liangze Yin and Xingpei Li and Yong Zhang}
}
@article{XIAO2019124,
title = {A new noise-tolerant and predefined-time ZNN model for time-dependent matrix inversion},
journal = {Neural Networks},
volume = {117},
number={1},
pages = {124-134},
year = {2019},
issn = {0893-6080},
doi = {https://doi.org/10.1016/j.neunet.2019.05.005},
author = {Lin Xiao and Yongsheng Zhang and Jianhua Dai and Ke Chen and Song Yang and Weibing Li and Bolin Liao and Lei Ding and Jichun Li},
keywords = {Zeroing neural network, Recurrent neural network, Time-dependent matrix inversion, Noise tolerance, Finite-time convergence}
}

%chap 06


% Journals

% First the Full Name is given, then the abbreviation used in the AMS Math
% Reviews, with an indication if it could not be found there.
% Note the 2nd overwrites the 1st, so swap them if you want the full name.

 

%Entries


@inproceedings{Hagerup1993,
title        = {Maintaining Discrete Probability Distributions Optimally},
author       = {Hagerup, Torben and Mehlhorn, Kurt and Munro, J. Ian},
booktitle    = {Proceedings of the International Colloquium on Automata, Languages and Programming},
series       = {Lecture Notes in Computer Science},
volume       = {700},
number={1},
pages        = {253--264},
year         = {1993},
publisher    = {Springer-Verlag},
address      = {Berlin},
}


@article{rossetti2018community,
  title={Community discovery in dynamic networks: a survey},
  author={Rossetti, Giulio and Cazabet, R{\'e}my},
  journal={ACM Computing Surveys},
  volume={51},
  number={2},
  pages={1--37},
  year={2018},
  publisher={ACM New York, NY, USA}
}

@article{reed2024tapioca,
	title={Tapioca: a platform for predicting de novo protein--protein interactions in dynamic contexts},
	author={Reed, Tavis J and Tyl, Matthew D and Tadych, Alicja and Troyanskaya, Olga G and Cristea, Ileana M},
	journal={Nature Methods},
	volume={21},
	number={3},
	pages={488--500},
	year={2024},
	publisher={Nature Publishing Group US New York}
}

@article{kim2018review,
  title={A review of dynamic network models with latent variables},
  author={Kim, Bomin and Lee, Kevin H and Xue, Lingzhou and Niu, Xiaoyue},
  journal={Statistics surveys},
  volume={12},
  number={1},
  pages={105},
  year={2018},
  publisher={NIH Public Access}
}

@article{RC17b,
	title={Community discovery in dynamic networks: a survey},
	author={Rossetti, Giulio and Cazabet, R{\'e}my},
	journal={ACM computing surveys (CSUR)},
	volume={51},
	number={2},
	pages={1--37},
	year={2018},
	publisher={ACM New York, NY, USA}
}


@article{mariani2024collective,
	title={Collective dynamics behind success},
	author={Mariani, Manuel S and Battiston, Federico and Horv{\'a}t, Em{\H{o}}ke-{\'A}gnes and Livan, Giacomo and Musciotto, Federico and Wang, Dashun},
	journal={Nature communications},
	volume={15},
	number={1},
	pages={10701},
	year={2024},
	publisher={Nature Publishing Group UK London}
}

@article{girvan2002community,
  title={Community structure in social and biological networks},
  author={Girvan, Michelle and Newman, Mark EJ},
  journal={Proceedings of the National Academy of Sciences},
  volume={99},
  number={12},
  pages={7821--7826},
  year={2002},
  publisher={National Acad Sciences}
}


 

@article{wang2019high,
  title={A high efficient biological language model for predicting protein--protein interactions},
  author={Wang, Yanbin and others},
  journal={Cells},
  volume={8},
  number={2},
  pages={122},
  year={2019},
  publisher={Multidisciplinary Digital Publishing Institute}
}

@article{xu2014adaptive,
year = {2014}, 
title = {{Adaptive evolutionary clustering}}, 
author = {Xu, Kevin S. and Kliger, Mark and III, Alfred O. Hero}, 
journal = {Data Mining and Knowledge Discovery}, 
issn = {1384-5810}, 
doi = {10.1007/s10618-012-0302-x}, 
eprint = {1104.1990}, 
abstract = {{In many practical applications of clustering, the objects to be clustered evolve over time, and a clustering result is desired at each time step. In such applications, evolutionary clustering typically outperforms traditional static clustering by producing clustering results that reflect long-term trends while being robust to short-term variations. Several evolutionary clustering algorithms have recently been proposed, often by adding a temporal smoothness penalty to the cost function of a static clustering method. In this paper, we introduce a different approach to evolutionary clustering by accurately tracking the time-varying proximities between objects followed by static clustering. We present an evolutionary clustering framework that adaptively estimates the optimal smoothing parameter using shrinkage estimation, a statistical approach that improves a naïve estimate using additional information. The proposed framework can be used to extend a variety of static clustering algorithms, including hierarchical, k-means, and spectral clustering, into evolutionary clustering algorithms. Experiments on synthetic and real data sets indicate that the proposed framework outperforms static clustering and existing evolutionary clustering algorithms in many scenarios.}}, 
pages = {304--336}, 
number = {2}, 
volume = {28}, 
keywords = {}
}
@article{albert1999diameter,
  title={Diameter of the world-wide web},
  author={Albert, R{\'e}ka and Jeong, Hawoong and Barab{\'a}si, Albert-L{\'a}szl{\'o}},
  journal={Nature},
  volume={401},
  number={6749},
  pages={130--131},
  year={1999},
  publisher={Nature Publishing Group UK London}
}
@inproceedings{liu2020detecting,
  title={Detecting the evolving community structure in dynamic social networks},
  author={Liu, Fanzhen and Wu, Jia and Xue, Shan and Zhou, Chuan and Yang, Jian and Sheng, Quanzheng},
  booktitle={Proceedings of the International Conference on World Wide Web},
  volume={23},
  number={2},
  pages={715--733},
  year={2020},
  publisher={Springer}
}
@article{COSTA2023110202,
	title = {AC2CD: An actor–critic architecture for community detection in dynamic social networks},
	journal = {Knowledge-Based Systems},
	volume = {261},
	number={1},
	pages = {110202},
	year = {2023},
	issn = {0950-7051},
	author = {Aurélio Ribeiro Costa and Célia Ghedini Ralha},
	keywords = {Complex networks, Deep reinforcement learning, Dynamic networks, Network analysis},
	abstract = {A vital problem tackled in the network analysis literature is community structure identification in social networks. There are many solutions to the community detection problem. Nevertheless, most of the approaches are constrained to static scenarios. Some solutions adapted to dynamic social networks present performance limitations, and others do not fit well in such contexts. This situation aggravates when considering the demand to analyze constantly growing networks as real-world social networks. This work presents the Actor–Critic for Community Detection (AC2CD) architecture for community detection in dynamic social networks. The architecture based on the deep reinforcement learning strategy deals with changing aspects of large networks using a local optimization of the modularity density function. The experiments using real-world dynamic network datasets present better results than state-of-art solutions, indicating that AC2CD copes well with dynamic real-world social networks.}
}
@ARTICLE{Li2024DyGNN,
	author={Li, Hanjie and Li, Changsheng and Feng, Kaituo and Yuan, Ye and Wang, Guoren and Zha, Hongyuan},
	journal={IEEE Transactions on Knowledge and Data Engineering}, 
	title={Robust Knowledge Adaptation for Dynamic Graph Neural Networks}, 
	year={2024},
	volume={36},
	number={11},
	pages={6920-6933},
	keywords={Graph neural networks;Knowledge engineering;Noise;Adaptation models;Reinforcement learning;Noise measurement;Data models;Dynamic graph neural networks;reinforcement learning;robust knowledge adaptation},
	doi={10.1109/TKDE.2024.3388453}}
@inproceedings{li2024contrastive,
		title={Contrastive deep nonnegative matrix factorization for community detection},
		author={Li, Yuecheng and Chen, Jialong and Chen, Chuan and Yang, Lei and Zheng, Zibin},
		booktitle={Proceedings of the 2024 IEEE International Conference on Acoustics, Speech and Signal Processing},
		pages={6725--6729},
		year={2024},
		organization={IEEE}
	}
@inproceedings{sun2007graphscope,
  title={Graphscope: parameter-free mining of large time-evolving graphs},
  author={Sun, Jimeng and others},
  booktitle={Proceedings of the ACM International Conference on Knowledge Discovery and Data Mining},
  pages={687--696},
  year={2007}
}

@article{jutla2011generalized,
  title={A generalized Louvain method for community detection implemented in MATLAB},
  author={Jutla, Inderjit S and others},
  year={2011}
}

@inproceedings{pareja2020evolvegcn,
  title={Evolvegcn: Evolving graph convolutional networks for dynamic graphs},
  author={Pareja, Aldo and Domeniconi, Giacomo and Chen, Jie and Ma, Tengfei and Suzumura, Toyotaro and Kanezashi, Hiroki and Kaler, Tim and Schardl, Tao and Leiserson, Charles},
  booktitle={Proceedings of the Conference on Applications of Artificial Intelligence},
  volume={34},
  number={04},
  pages={5363--5370},
  year={2020}
}

@article{Yang.2020.Shen, 
year = {2020}, 
title = {{An Advanced Deep Generative Framework for Temporal Link Prediction in Dynamic Networks}}, 
author = {Yang, Min and Liu, Junhao and Chen, Lei and Zhao, Zhou and Chen, Xiaojun and Shen, Ying}, 
journal = {IEEE Transactions on Cybernetics}, 
pages = {4946--4957}, 
number = {12}, 
volume = {50}
}

@article{herrmann2024deep,
	title={Deep learning in computational mechanics: a review},
	author={Herrmann, Leon and Kollmannsberger, Stefan},
	journal={Computational Mechanics},
	volume={74},
	number={2},
	pages={281--331},
	year={2024},
	publisher={Springer}
}

@inproceedings{wang2022powerful,
  title={How powerful are spectral graph neural networks},
  author={Wang, Xiyuan and Zhang, Muhan},
  booktitle={Proceedings of the International Conference on Machine Learning},
  pages={23341--23362},
  year={2022},
  organization={PMLR}
}
@inproceedings{oussidi2018deep,
  title={Deep generative models: Survey},
  author={Oussidi, Achraf and Elhassouny, Azeddine},
  booktitle={Proceedings of the 2018 International Conference on Intelligent Systems and Computer Vision},
  pages={1--8},
  year={2018},
  organization={IEEE}
}
@article{goodfellow2020generative,
  title={Generative adversarial networks},
  author={Goodfellow, Ian and Pouget-Abadie, Jean and Mirza, Mehdi and Xu, Bing and Warde-Farley, David and Ozair, Sherjil and Courville, Aaron and Bengio, Yoshua},
  journal={Communications of the ACM},
  volume={63},
  number={11},
  pages={139--144},
  year={2020},
  publisher={ACM New York, NY, USA}
}
@inproceedings{you2018graphrnn,
  title={Graphrnn: Generating realistic graphs with deep auto-regressive models},
  author={You, Jiaxuan and Ying, Rex and Ren, Xiang and Hamilton, William and Leskovec, Jure},
  booktitle={Proceedings of the International conference on machine learning},
  pages={5708--5717},
  year={2018},
  organization={PMLR}
}
@article{kingma2021variational,
  title={Variational diffusion models},
  author={Kingma, Diederik and Salimans, Tim and Poole, Ben and Ho, Jonathan},
  journal={Advances in neural information processing systems},
  volume={34},
  number={1},
  pages={21696--21707},
  year={2021}
}
@article{papamakarios2021normalizing,
  title={Normalizing flows for probabilistic modeling and inference},
  author={Papamakarios, George and Nalisnick, Eric and Rezende, Danilo Jimenez and Mohamed, Shakir and Lakshminarayanan, Balaji},
  journal={Journal of Machine Learning Research},
  volume={22},
  number={57},
  pages={1--64},
  year={2021}
}

@inproceedings{jiang2024incomplete,
	title={Incomplete graph learning via attribute-structure decoupled variational auto-encoder},
	author={Jiang, Xinke and Qin, Zidi and Xu, Jiarong and Ao, Xiang},
	booktitle={Proceedings of the 17th ACM international conference on web search and data mining},
	pages={304--312},
	year={2024}
}

@article{jiang2024self,
	title={Self-attention empowered graph convolutional network for structure learning and node embedding},
	author={Jiang, Mengying and Liu, Guizhong and Su, Yuanchao and Wu, Xinliang},
	journal={Pattern Recognition},
	volume={153},
	number={1},
	pages={110537},
	year={2024},
	publisher={Elsevier}
}
@article{Sun.2021.Xu, 
year = {2021}, 
title = {{Graph Neural Network Encoding for Community Detection in Attribute Networks}}, 
author = {Sun, Jianyong and Zheng, Wei and Zhang, Qingfu and Xu, Zongben}, 
journal = {IEEE Transactions on Cybernetics}, 
issn = {2168-2267}, 
doi = {10.1109/tcyb.2021.3051021}, 
pmid = {33566785}, 
abstract = {{In this article, we first propose a graph neural network encoding method for the multiobjective evolutionary algorithm (MOEA) to handle the community detection problem in complex attribute networks. In the graph neural network encoding method, each edge in an attribute network is associated with a continuous variable. Through nonlinear transformation, a continuous valued vector (i.e., a concatenation of the continuous variables associated with the edges) is transferred to a discrete valued community grouping solution. Further, two objective functions for the single-attribute and multiattribute network are proposed to evaluate the attribute homogeneity of the nodes in communities, respectively. Based on the new encoding method and the two objectives, a MOEA based upon NSGA-II, called continuous encoding MOEA, is developed for the transformed community detection problem with continuous decision variables. Experimental results on single-attribute and multiattribute networks with different types show that the developed algorithm performs significantly better than some well-known evolutionary- and nonevolutionary-based algorithms. The fitness landscape analysis verifies that the transformed community detection problems have smoother landscapes than those of the original problems, which justifies the effectiveness of the proposed graph neural network encoding method.}}, 
pages = {1--14}, 
number = {99}, 
volume = {PP}, 
keywords = {}
}
@article{Zhang.2020.Jin, 
year = {2020}, 
title = {{A Network Reduction-Based Multiobjective Evolutionary Algorithm for Community Detection in Large-Scale Complex Networks}}, 
author = {Zhang, Xingyi and Zhou, Kefei and Pan, Hebin and Zhang, Lei and Zeng, Xiangxiang and Jin, Yaochu}, 
journal = {IEEE Transactions on Cybernetics}, 
issn = {2168-2267}, 
doi = {10.1109/tcyb.2018.2871673}, 
pmid = {30307886}, 
abstract = {{Evolutionary algorithms have been demonstrated to be very competitive in the community detection for complex networks. They, however, show poor scalability to large-scale networks due to the exponential increase of search space. In this paper, we suggest a network reduction-based multiobjective evolutionary algorithm for community detection in large-scale networks, where the size of the networks is recursively reduced as the evolution proceeds. In each reduction of the network, the local communities found by the elite individuals in the population are identified as nodes of the reduced network for further evolution, thereby considerably reducing the search space. A local community repairing strategy is also suggested to correct the misidentified nodes after each network reduction during the evolution. Experimental results on synthetic and real-world networks demonstrate the superiority of the proposed algorithm over several state-of-the-art community detection algorithms for large-scale networks, in terms of both computational efficiency and detection performance.}}, 
pages = {703--716}, 
number = {2}, 
volume = {50}, 
keywords = {}
}
@article{Zhang.2017.Niu, 
year = {2017}, 
title = {{A Mixed Representation-Based Multiobjective Evolutionary Algorithm for Overlapping Community Detection}}, 
author = {Zhang, Lei and Pan, Hebin and Su, Yansen and Zhang, Xingyi and Niu, Yunyun}, 
journal = {IEEE Transactions on Cybernetics}, 
issn = {2168-2267}, 
doi = {10.1109/tcyb.2017.2711038}, 
pmid = {28622681}, 
abstract = {{Designing multiobjective evolutionary algorithms (MOEAs) for community detection in complex networks has attracted much attention of researchers recently. However, most of the existing methods focus on addressing the task of nonoverlapping community detection, where each node must belong to one and only one community. In fact, communities are often overlapped with each other in many real-world networks, thus it is necessary to design overlapping community detection algorithms. To this end, this paper proposes a mixed representation-based MOEA (MR-MOEA) for overlapping community detection. In MR-MOEA, a mixed individual representation scheme is proposed to fast encode and decode the overlapping divisions of complex networks. Specifically, this mixed representation consists of two parts: one represents all potential overlapping nodes and the other delegates all nonoverlapping nodes. These two parts evolve together to detect the overlapping communities of networks based on different updating strategies suggested in MR-MOEA. We verify the effectiveness of the proposed algorithm MR-MOEA on ten real-world complex networks and the experimental results demonstrate that MR-MOEA is superior over six representative algorithms for overlapping community detection.}}, 
pages = {2703--2716}, 
number = {9}, 
volume = {47}, 
keywords = {}
}

@article{jmlr:v21:19-447, 
year = {2020}, 
title = {{Representation Learning for Dynamic Graphs: A Survey}}, 
author = {Kazemi, Seyed Mehran and Goel, Rishab and Jain, Kshitij and Kobyzev, Ivan and Sethi, Akshay and Forsyth, Peter and Poupart, Pascal}, 
journal = {Journal of Machine Learning Research}, 
pages = {1--73}, 
number = {70}, 
volume = {21}, 
keywords = {}
}

@article{Ma.2017.Dong, 
year = {2017}, 
title = {{Evolutionary Nonnegative Matrix Factorization Algorithms for Community Detection in Dynamic Networks}}, 
author = {Ma, Xiaoke and Dong, Di}, 
journal = {IEEE Transactions on Knowledge and Data Engineering}, 
pages = {1045--1058}, 
number = {5}, 
volume = {29}, 
keywords = {}
}

@article{Zeng.2020.Yen, 
year = {2020}, 
title = {A Consensus Community-Based Particle Swarm Optimization for Dynamic Community Detection}, 
author = {Zeng, Xiangxiang and Wang, Wen and Chen, Cong and Yen, Gary G.}, 
journal = {IEEE Transactions on Cybernetics}, 
pages = {2502--2513}, 
number = {6}, 
volume = {50}, 
keywords = {}
}

@article{liu2018global,
year = {2018}, 
title = {{Global spectral clustering in dynamic networks}}, 
author = {Liu, Fuchen and Choi, David and Xie, Lu and Roeder, Kathryn}, 
journal = {Proceedings of the National Academy of Sciences}, 
pages = {927--932}, 
number = {5}, 
volume = {115}, 
keywords = {}
}


@article{sewell2017latent, 
year = {2017}, 
title = {{Latent Space Approaches to Community Detection in Dynamic Networks}}, 
author = {Sewell, Daniel K. and Chen, Yuguo}, 
journal = {Bayesian Analysis}, 
pages = {351--377}, 
number = {2}, 
volume = {12}, 
keywords = {}
}



@article{tang2014detecting,
  title={Detecting social media hidden communities using dynamic stochastic blockmodel with temporal dirichlet process},
  author={Tang, Xuning and Yang, Christopher C},
  journal={ACM Transactions on Intelligent Systems and Technology},
  volume={5},
  number={2},
  pages={1--21},
  year={2014},
  publisher={ACM New York, NY, USA}
}



@article{ju2024comprehensive,
	title={A comprehensive survey on deep graph representation learning},
	author={Ju, Wei and Fang, Zheng and Gu, Yiyang and Liu, Zequn and Long, Qingqing and Qiao, Ziyue and Qin, Yifang and Shen, Jianhao and Sun, Fang and Xiao, Zhiping and others},
	journal={Neural Networks},
	pages={106207},
	volume={1},
	number={1},
	year={2024},
	publisher={Elsevier}
}

@article{lobo2008auc,
  title={AUC: a misleading measure of the performance of predictive distribution models},
  author={Lobo, Jorge M and Jim{\'e}nez-Valverde, Alberto and Real, Raimundo},
  journal={Global ecology and Biogeography},
  volume={17},
  number={2},
  pages={145--151},
  year={2008},
  publisher={Wiley Online Library}
}

@article{goyal2020dyngraph2vec,
year = {2020}, 
title = {{dyngraph2vec: Capturing network dynamics using dynamic graph representation learning}}, 
author = {Goyal, Palash and Chhetri, Sujit Rokka and Canedo, Arquimedes}, 
journal = {Knowledge-Based Systems}, 
issn = {0950-7051}, 
doi = {10.1016/j.knosys.2019.06.024}, 
eprint = {1809.02657}, 
abstract = {{Learning graph representations is a fundamental task aimed at capturing various properties of graphs in vector space. The most recent methods learn such representations for static networks. However, real-world networks evolve over time and have varying dynamics. Capturing such evolution is key to predicting the properties of unseen networks. To understand how the network dynamics affect the prediction performance, we propose an embedding approach which learns the structure of evolution in dynamic graphs and can predict unseen links with higher precision. Our model, dyngraph2vec, learns the temporal transitions in the network using a deep architecture composed of dense and recurrent layers. We motivate the need for capturing dynamics for the prediction on a toy dataset created using stochastic block models. We then demonstrate the efficacy of dyngraph2vec over existing state-of-the-art methods on two real-world datasets. We observe that learning dynamics can improve the quality of embedding and yield better performance in link prediction.}}, 
pages = {104816}, 
volume = {187}, 
number={1},
keywords = {}
}

@inproceedings{hajiramezanali2019variational,
  title={Variational Graph Recurrent Neural Networks},
  author={Hasanzadeh, Arman and Hajiramezanali, Ehsan and Narayanan, Krishna and Duffield, Nick and Zhou, Mingyuan and Qian, Xiaoning},
  booktitle={Proceedings of the Advances in Neural Information Processing Systems},
  volume={32},
  pages={1-1},
  year={2019}
}


@inproceedings{he2022sssnet,
	title={SSSNET: semi-supervised signed network clustering},
	author={He, Yixuan and Reinert, Gesine and Wang, Songchao and Cucuringu, Mihai},
	booktitle={Proceedings of the 2022 SIAM International Conference on Data Mining},
	pages={244--252},
	year={2022},
	organization={SIAM}
}

@article{Krzakala.2013.Zhang, 
year = {2013}, 
title = {{Spectral redemption in clustering sparse networks}}, 
author = {Krzakala, Florent and Moore, Cristopher and Mossel, Elchanan and Neeman, Joe and Sly, Allan and Zdeborová, Lenka and Zhang, Pan}, 
journal = {Proceedings of the National Academy of Sciences}, 
issn = {0027-8424}, 
doi = {10.1073/pnas.1312486110}, 
pmid = {24277835}, 
pmcid = {PMC3876200}, 
eprint = {1306.5550}, 
abstract = {{Spectral algorithms are classic approaches to clustering and community detection in networks. However, for sparse networks the standard versions of these algorithms are suboptimal, in some cases completely failing to detect communities even when other algorithms such as belief propagation can do so. Here, we present a class of spectral algorithms based on a nonbacktracking walk on the directed edges of the graph. The spectrum of this operator is much better-behaved than that of the adjacency matrix or other commonly used matrices, maintaining a strong separation between the bulk eigenvalues and the eigenvalues relevant to community structure even in the sparse case. We show that our algorithm is optimal for graphs generated by the stochastic block model, detecting communities all of the way down to the theoretical limit. We also show the spectrum of the nonbacktracking operator for some real-world networks, illustrating its advantages over traditional spectral clustering.}}, 
pages = {20935--20940}, 
number = {52}, 
volume = {110}, 
keywords = {}, 
}


@inproceedings{li2024contrastive,
	title={Contrastive deep nonnegative matrix factorization for community detection},
	author={Li, Yuecheng and Chen, Jialong and Chen, Chuan and Yang, Lei and Zheng, Zibin},
	booktitle={ICASSP 2024-2024 IEEE International Conference on Acoustics, Speech and Signal Processing},
	pages={6725--6729},
	year={2024},
	organization={IEEE}
}

@inproceedings{Youngjoo2018,
  author    = {Youngjoo Seo and
               Micha{\"{e}}l Defferrard and
               Pierre Vandergheynst and
               Xavier Bresson},
  title     = {Structured Sequence Modeling with Graph Convolutional Recurrent Networks},
  booktitle = {Proceedings of the Neural Information Processing},
  volume    = {11301},
  pages     = {362--373},
  publisher = {Springer},
  year      = {2018},
  doi       = {10.1007/978-3-030-04167-0\_33},
}

@inproceedings{jiang2017variational,
  title={Variational deep embedding: an unsupervised and generative approach to clustering},
  author={Jiang, Zhuxi and Zheng, Yin and Tan, Huachun and Tang, Bangsheng and Zhou, Hanning},
  booktitle={Proceedings of the 26th International Joint Conference on Artificial Intelligence},
  pages={1965--1972},
  year={2017}
}





@article{mrabah2024contrastive,
	title={A contrastive variational graph auto-encoder for node clustering},
	author={Mrabah, Nairouz and Bouguessa, Mohamed and Ksantini, Riadh},
	journal={Pattern recognition},
	volume={149},
	number={1},
	pages={110209},
	year={2024},
	publisher={Elsevier}
}

@article{liang2024survey,
	title={A survey on variational autoencoders in recommender systems},
	author={Liang, Shangsong and Pan, Zhou and Liu, Wei and Yin, Jian and De Rijke, Maarten},
	journal={ACM Computing Surveys},
	volume={56},
	number={10},
	pages={1--40},
	year={2024},
	publisher={ACM New York, NY}
}
@inproceedings{NEURIPS2024_25ead0ef,
	author = {Ban, Yikun and Zou, Jiaru and Li, Zihao and Qi, Yunzhe and Fu, Dongqi and Kang, Jian and Tong, Hanghang and He, Jingrui},
	booktitle = {Proceedings of the Advances in Neural Information Processing Systems},
	editor = {A. Globerson and L. Mackey and D. Belgrave and A. Fan and U. Paquet and J. Tomczak and C. Zhang},
	pages = {21342--21376},
	publisher = {Curran Associates, Inc.},
	title = {PageRank Bandits for Link Prediction},
	volume = {37},
	year = {2024}
}

@inproceedings{zhang2017timers,
  author    = {Ziwei Zhang and
               Peng Cui and
               Jian Pei and
               Xiao Wang and
               Wenwu Zhu},
  editor    = {Sheila A. McIlraith and
               Kilian Q. Weinberger},
  title     = {{TIMERS:} Error-Bounded {SVD} Restart on Dynamic Networks},
  booktitle = {Proceedings of the Conference on Applications of Artificial Intelligence},
  pages     = {224--231},
  publisher = {{AAAI} Press},
  year      = {2018},
  
  url       = {https://www.aaai.org/ocs/index.php/AAAI/AAAI18/paper/view/16674},
  timestamp = {Thu, 18 Feb 2021 14:22:23 +0100},
  biburl    = {https://dblp.org/rec/conf/aaai/ZhangCPW018.bib},
  bibsource = {dblp computer science bibliography, https://dblp.org}
}


@inproceedings{yan2024pacer,
	title={Pacer: Network embedding from positional to structural},
	author={Yan, Yuchen and Hu, Yongyi and Zhou, Qinghai and Liu, Lihui and Zeng, Zhichen and Chen, Yuzhong and Pan, Menghai and Chen, Huiyuan and Das, Mahashweta and Tong, Hanghang},
	booktitle={Proceedings of the ACM Web Conference 2024},
	pages={2485--2496},
	year={2024}
}

@article{goyal2018dyngem,
  publtype={informal},
  author={Palash Goyal and Nitin Kamra and Xinran He and Yan Liu},
  title={DynGEM: Deep Embedding Method for Dynamic Graphs},
  year={2018},
  cdate={1514764800000},
  journal={Arxiv},
  volume={abs/1805.11273},
  number={1},
  pages={1-1}
  }%  url={http://arxiv.org/abs/1805.11273}
 

@inproceedings{NEURIPS2024_18969919,
	author = {Liu, Zhe and Hou, Jinghua and Wang, Xinyu and Ye, Xiaoqing and Wang, Jingdong and Zhao, Hengshuang and Bai, Xiang},
	booktitle = {Advances in Neural Information Processing Systems},
	pages = {13601--13626},
	publisher = {Curran Associates, Inc.},
	title = {LION: Linear Group RNN for 3D Object Detection in Point Clouds},
	volume = {37},
	year = {2024}
}

@article{ma2017evolutionary,
  title={Evolutionary nonnegative matrix factorization algorithms for community detection in dynamic networks},
  author={Ma, Xiaoke and Dong, Di},
  journal={IEEE Transactions on Knowledge and Data Engineering},
  volume={29},
  number={5},
  pages={1045--1058},
  year={2017},
  publisher={IEEE}
}
@article{li2021detecting,
  title={Detecting dynamic community by fusing network embedding and nonnegative matrix factorization},
  author={Li, Dongyuan and Zhong, Xiaoxiong and Dou, Zengfa and Gong, Maoguo and Ma, Xiaoke},
  journal={Knowledge-Based Systems},
  volume={221},
  number={1},
  pages={106961},
  year={2021},
  publisher={Elsevier}
}
@article{li2021identification,
  title={Identification of dynamic community in temporal network via joint learning graph representation and nonnegative matrix factorization},
  author={Li, Dongyuan and Lin, Qiang and Ma, Xiaoke},
  journal={Neurocomputing},
  volume={435},
  number={1},
  pages={77--90},
  year={2021},
  publisher={Elsevier}
}
@article{lee1999learning,
  title={Learning the parts of objects by non-negative matrix factorization},
  author={Lee, Daniel D and Seung, H Sebastian},
  journal={Nature},
  volume={401},
  number={6755},
  pages={788--791},
  year={1999},
  publisher={Nature Publishing Group UK London}
}
@article{cai2010graph,
  title={Graph regularized nonnegative matrix factorization for data representation},
  author={Cai, Deng and He, Xiaofei and Han, Jiawei and Huang, Thomas S},
  journal={IEEE Transactions on Pattern Analysis and Machine Intelligence},
  volume={33},
  number={8},
  pages={1548--1560},
  year={2010},
  publisher={IEEE}
}
@article{choo2015weakly,
  title={Weakly supervised nonnegative matrix factorization for user-driven clustering},
  author={Choo, Jaegul and Lee, Changhyun and Reddy, Chandan K and Park, Haesun},
  journal={Data Mining and Knowledge Discovery},
  volume={29},
  number={1},
  pages={1598--1621},
  year={2015},
  publisher={Springer}
}
@article{ma2017nonnegative,
  title={Nonnegative matrix factorization algorithms for link prediction in temporal networks using graph communicability},
  author={Ma, Xiaoke and Sun, Penggang and Qin, Guimin},
  journal={Pattern Recognition},
  volume={71},
  number={1},
  pages={361--374},
  year={2017},
  publisher={Elsevier}
}
@inproceedings{rossi2015network,
  title={The network data repository with interactive graph analytics and visualization},
  author={Rossi, Ryan and Ahmed, Nesreen},
  booktitle={Proceedings of the AAAI conference on artificial intelligence},
  volume={29},
  number={1},
  pages={1--1},
  year={2015}
}
@article{wang2010low,
  title={Low-rank kernel matrix factorization for large-scale evolutionary clustering},
  author={Wang, Lijun and Rege, Manjeet and Dong, Ming and Ding, Yongsheng},
  journal={IEEE Transactions on Knowledge and Data Engineering},
  volume={24},
  number={6},
  pages={1036--1050},
  year={2010},
  publisher={IEEE}
}
@inproceedings{jia2014analysis,
  title={Analysis on community variational trend in dynamic networks},
  author={Jia, Xiaowei and Du, Nan and Gao, Jing and Zhang, Aidong},
  booktitle={Proceedings of the 23rd ACM International Conference on Conference on Information and Knowledge Management},
  pages={151--160},
  year={2014}
}
@inproceedings{yu2017temporally,
  title={Temporally factorized network modeling for evolutionary network analysis},
  author={Yu, Wenchao and Aggarwal, Charu C and Wang, Wei},
  booktitle={Proceedings of the 10th ACM International Conference on Web Search and Data Mining},
  pages={455--464},
  year={2017}
}
@article{zhang2012common,
  title={Common community structure in time-varying networks},
  author={Zhang, Shihua and Zhao, Junfei and Zhang, Xiang-Sun},
  journal={Physical Review E—Statistical, Nonlinear, and Soft Matter Physics},
  volume={85},
  number={5},
  pages={056110},
  year={2012},
  publisher={APS}
}
@article{huang2016clustering,
  title={Clustering time-stamped data using multiple nonnegative matrices factorization},
  author={Huang, Xiaohui and Ye, Yunming and Xiong, Liyan and Wang, Shaokai and Yang, Xiaofei},
  journal={Knowledge-Based Systems},
  volume={114},
  number={1},
  pages={88--98},
  year={2016},
  publisher={Elsevier}
}
@inproceedings{you2021robust,
  title={Robust dynamic clustering for temporal networks},
  author={You, Jingyi and Hu, Chenlong and Kamigaito, Hidetaka and Funakoshi, Kotaro and Okumura, Manabu},
  booktitle={Proceedings of the 30th ACM International Conference on Information \& Knowledge Management},
  pages={2424--2433},
  year={2021}
}
@inproceedings{zhao2019large,
  title={Large Scale Evolving Graphs with Burst Detection.},
  author={Zhao, Yifeng and others},
  booktitle={Proceedings of the International Joint Conference on Artificial Intelligence},
  pages={4412--4418},
  year={2019}
}

@article{raghavan2007near,
  title={Near linear time algorithm to detect community structures in large-scale networks},
  author={Raghavan, Usha Nandini and others},
  journal={Physical review E},
  volume={76},
  number={3},
  pages={036106},
  year={2007},
  publisher={APS}
}

@article{rosvall2008maps,
  title={Maps of random walks on complex networks reveal community structure},
  author={Rosvall, Martin and Bergstrom, Carl T},
  journal={Proceedings of the National Academy of Sciences},
  volume={105},
  number={4},
  pages={1118--1123},
  year={2008},
  publisher={National Acad Sciences}
}

@article{palla2007quantifying,
  title={Quantifying social group evolution},
  author={Palla, Gergely and others},
  journal={Nature},
  volume={446},
  number={7136},
  pages={664--667},
  year={2007},
  publisher={Nature Publishing Group}
}
@article{zhang2016dynamic,
  title={Dynamic structure evolution of time-dependent network},
  author={Zhang, Beibei and Zhou, Yadong and Xu, Xiaoyan and Wang, Dai and Guan, Xiaohong},
  journal={Physica A: Statistical Mechanics and its Applications},
  volume={456},
  number={1},
  pages={347--358},
  year={2016},
  publisher={Elsevier}
}
@article{langone2016efficient,
  title={Efficient evolutionary spectral clustering},
  author={Langone, Rocco and Van Barel, Marc and Suykens, Johan AK},
  journal={Pattern Recognition Letters},
  volume={84},
  number={1},
  pages={78--84},
  year={2016},
  publisher={Elsevier}
}
@inproceedings{chi2007evolutionary,
  title={Evolutionary spectral clustering by incorporating temporal smoothness},
  author={Chi, Yun and others},
  booktitle={Proceedings of the 13th ACM SIGKDD International Conference on Knowledge Discovery and Data Mining},
  pages={153--162},
  year={2007}
}

@article{yang2011detecting,
  title={Detecting communities and their evolutions in dynamic social networks—a Bayesian approach},
  author={Yang, Tianbao and others},
  journal={Machine learning},
  volume={82},
  number={2},
  pages={157--189},
  year={2011},
  publisher={Springer}
}

@article{von2007tutorial,
  title={A tutorial on spectral clustering},
  author={Von Luxburg, Ulrike},
  journal={Statistics and computing},
  volume={17},
  number={4},
  pages={395--416},
  year={2007},
  publisher={Springer}
}

@inproceedings{liu2010gaussian,
  title={Gaussian mixture model with local consistency.},
  author={Liu, Jialu and others},
  booktitle={Proceedings of the Conference on Applications of Artificial Intelligence},
  volume={10},
  pages={512--517},
  year={2010},
  organization={Citeseer}
}

@inproceedings{ye2008discriminative,
  title={Discriminative k-means for clustering},
  author={Ye, Jieping and others},
  booktitle={Proceedings of the Advances in Neural Information Processing Systems},
  pages={1649--1656},
  year={2008}
}
@inproceedings{chakrabarti2006evolutionary,
  title={Evolutionary clustering},
  author={Chakrabarti, Deepayan and others},
  booktitle={Proceedings of the ACM International Conference on Knowledge Discovery and Data Mining},
  pages={554--560},
  year={2006}
}

@inproceedings{lee2014incremental,
  title={Incremental cluster evolution tracking from highly dynamic network data},
  author={Lee, Pei and others},
  booktitle={Proceedings of the IEEE International Conference on Data Engineering},
  pages={3--14},
  year={2014},
  organization={IEEE}
}

@article{chi2009evolutionary,
  title={On evolutionary spectral clustering},
  author={Chi, Yun and others},
  journal={ACM Transactions on Knowledge Discovery from Data},
  volume={3},
  number={4},
  pages={1--30},
  year={2009},
  publisher={ACM New York, NY, USA}
}

@article{folino2013evolutionary,
  title={An evolutionary multiobjective approach for community discovery in dynamic networks},
  author={Folino, Francesco and Pizzuti, Clara},
  journal={IEEE Transactions on Knowledge and Data Engineering},
  volume={26},
  number={8},
  pages={1838--1852},
  year={2013},
  publisher={IEEE}
}
@article{LI2025129548,
	title = {A contrastive learning strategy for optimizing node non-alignment in dynamic community detection},
	journal = {Neurocomputing},
	volume = {626},
	pages = {129548},
	year = {2025},
	issn = {0925-2312},
	author = {Xiaohong Li and Wanyao Shi and Qixuan Peng and Hongyan Ran}
}


@article{zhou2015multiobjective,
  title={Multiobjective biogeography based optimization algorithm with decomposition for community detection in dynamic networks},
  author={Zhou, Xu and Liu, Yanheng and Li, Bin and Sun, Geng},
  journal={Physica A: Statistical Mechanics and its Applications},
  volume={436},
  number={1},
  pages={430--442},
  year={2015},
  publisher={Elsevier}
}
@article{kim2009particle,
  title={A particle-and-density based evolutionary clustering method for dynamic networks},
  author={Kim, Min-Soo and Han, Jiawei},
  journal={Very Large Data Bases Endowment},
  volume={2},
  number={1},
  pages={622--633},
  year={2009},
  publisher={VLDB Endowment}
}

@inproceedings{Kipf.2017.Welling, 
year = {2017}, 
author = {Kipf, Thomas N. and Welling, Max}, 
title = {{Semi-Supervised Classification with Graph Convolutional Networks}}, 
booktitle = {Proceedings of the International Conference on Learning Representations},
publisher = {OpenReview.net}, 
pages={1--1}
keywords = {}
}
 

@article{Ma.2019.Ming, 
year = {2019}, 
title = {{Reliable Link Inference for Network Data With Community Structures}}, 
author = {Ma, Lijia and Li, Jianqiang and Lin, Qiuzhen and Gong, Maoguo and Coello, Carlos A. Coello and Ming, Zhong}, 
journal = {IEEE Transactions on Cybernetics}, 
issn = {2168-2267}, 
doi = {10.1109/tcyb.2018.2860284}, 
pages = {3347--3361}, 
number = {9}, 
volume = {49}, 
keywords = {}, 
local-url = {file://localhost/Users/pengfeijiao/Documents/Papers%20Library/IEEE%20Transactions%20on%20Cybernetics/2019/IEEE%20Transactions%20on%20Cybernetics-2019.pdf}
}
 
@article{genois2014data,
  title={Data on face-to-face contacts in an office building suggest a low-cost vaccination strategy based on community linkers},
  author={G{\'e}nois, Mathieu and Vestergaard, Christian L and Fournet, Julie and Panisson, Andr{\'e} and Bonmarin, Isabelle and Barrat, Alain},
  journal={Network Science},
  volume={3},
  number={3},
  pages={326--347},
  year={2015},
  publisher={Cambridge University Press}
}

@article{malizia2025hyperedge,
	title={Hyperedge overlap drives explosive transitions in systems with higher-order interactions},
	author={Malizia, Federico and Lamata-Ot{\'\i}n, Santiago and Frasca, Mattia and Latora, Vito and G{\'o}mez-Garde{\~n}es, Jes{\'u}s},
	journal={Nature communications},
	volume={16},
	number={1},
	pages={555},
	year={2025},
	publisher={Nature Publishing Group UK London}
}
@misc{cohen2005enron,
     title={Enron email dataset},
     author={Cohen, W.W.},
     note={http://www.cs.cmu.edu/~enron/. Accessed in 2009.}
}


@article{mrabah2019deep,
  doi = {10.1016/j.neunet.2020.07.005},
  year = {2020},
  month = oct,
  publisher = {Elsevier {BV}},
  volume = {130},
  number={1},
  pages = {206--228},
  author = {Nairouz Mrabah and Naimul Mefraz Khan and Riadh Ksantini and Zied Lachiri},
  title = {Deep clustering with a Dynamic Autoencoder: From reconstruction towards centroids construction},
  journal = {Neural Networks}
}


@ARTICLE{10526486,
	author={Ji, Feixia and Wu, Jian and Chiclana, Francisco and Sun, Qi and Liang, Changyong and Herrera-Viedma, Enrique},
	journal={IEEE Transactions on Fuzzy Systems}, 
	title={Decayed Trust Propagation Method in Multiple Overlapping Communities for Improving Consensus Under Social Network Group Decision Making}, 
	year={2024},
	volume={32},
	number={8},
	pages={4401-4412}}
@inproceedings{ditursi2017local,
  title={Local community detection in dynamic networks},
  author={DiTursi, Daniel J and Ghosh, Gaurav and Bogdanov, Petko},
  booktitle={Proceedings of the 2017 IEEE International Conference on Data Mining},
  pages={847--852},
  year={2017},
  organization={IEEE}
}

@article{iacopini2024temporal,
	title={The temporal dynamics of group interactions in higher-order social networks},
	author={Iacopini, Iacopo and Karsai, M{\'a}rton and Barrat, Alain},
	journal={Nature Communications},
	volume={15},
	number={1},
	pages={7391},
	year={2024},
	publisher={Nature Publishing Group UK London}
}
@article{liu2023data,
	title={Data, measurement and empirical methods in the science of science},
	author={Liu, Lu and Jones, Benjamin F and Uzzi, Brian and Wang, Dashun},
	journal={Nature human behaviour},
	volume={7},
	number={7},
	pages={1046--1058},
	year={2023},
	publisher={Nature Publishing Group UK London}
}
@article{palla2005uncovering,
  title={Uncovering the overlapping community structure of complex networks in nature and society},
  author={Palla, Gergely and Der{\'e}nyi, Imre and Farkas, Ill{\'e}s and Vicsek, Tam{\'a}s},
  journal={Nature},
  volume={435},
  number={7043},
  pages={814--818},
  year={2005},
  publisher={Nature Publishing Group}
}


@article{liu2015effective,
	title={Effective semisupervised community detection using negative information},
	author={Liu, Dong and Duan, Dequan and Sui, Shikai and Song, Guojie},
	journal={Mathematical Problems in Engineering},
	volume={2015},
	number={1},
	pages={109671},
	year={2015},
	publisher={Wiley Online Library}
}
@article{del2016spreading,
  title={The spreading of misinformation online},
  author={Del Vicario, Michela and Bessi, Alessandro and Zollo, Fabiana and Petroni, Fabio and Scala, Antonio and Caldarelli, Guido and Stanley, H Eugene and Quattrociocchi, Walter},
  journal={Proceedings of the National Academy of Sciences},
  volume={113},
  number={3},
  pages={554--559},
  year={2016},
  publisher={National Acad Sciences}
}
@article{lu2015toward,
  title={Toward link predictability of complex networks},
  author={L{\"u}, Linyuan and Pan, Liming and Zhou, Tao and Zhang, Yi-Cheng and Stanley, H Eugene},
  journal={Proceedings of the National Academy of Sciences},
  volume={112},
  number={8},
  pages={2325--2330},
  year={2015},
  publisher={National Acad Sciences}
}
@inproceedings{yu2017link,
  title={Link Prediction with Spatial and Temporal Consistency in Dynamic Networks},
  author={Yu, Wenchao and Cheng, Wei and Aggarwal, Charu C and Chen, Haifeng and Wang, Wei},
  booktitle={Proceedings of the 26th International Joint Conference on Artificial Intelligence},
  pages={3343--3349},
  year={2017}
}
@inproceedings{tajeuna2015tracking,
  title={Tracking the evolution of community structures in time-evolving social networks},
  author={Tajeuna, Etienne Gael and Bouguessa, Mohamed and Wang, Shengrui},
  booktitle={Proceedings of the IEEE International Conference on Data Science and Advanced Analytics (DSAA)},
  pages={1--10},
  year={2015},
  organization={IEEE}
}
@inproceedings{wang2008commtracker,
  title={Commtracker: A core-based algorithm of tracking community evolution},
  author={Wang, Yi and Wu, Bin and Pei, Xin},
  booktitle={Proceedings of the 2008 International Conference on Advanced Data Mining and Applications},
  pages={229--240},
  year={2008},
  organization={Springer}
}
@article{yu2019evolutionary,
  title={Evolutionary clustering via graph regularized nonnegative matrix factorization for exploring temporal networks},
  author={Yu, Wei and Wang, Wenjun and Jiao, Pengfei and Li, Xuewei},
  journal={Knowledge-Based Systems},
  volume={167},
  number={1},
  pages={1--10},
  year={2019},
  publisher={Elsevier}
}

@article{Lin.2009.Tseng, 
year = {2009}, 
title = {{Analyzing communities and their evolutions in dynamic social networks}}, 
author = {Lin, Yu-Ru and Chi, Yun and Zhu, Shenghuo and Sundaram, Hari and Tseng, Belle L.}, 
journal = {ACM Transactions on Knowledge Discovery from Data}, 
issn = {1556-4681}, 
doi = {10.1145/1514888.1514891}, 
abstract = {{We discover communities from social network data and analyze the community evolution. These communities are inherent characteristics of human interaction in online social networks, as well as paper citation networks. Also, communities may evolve over time, due to changes to individuals' roles and social status in the network as well as changes to individuals' research interests. We present an innovative algorithm that deviates from the traditional two-step approach to analyze community evolutions. In the traditional approach, communities are first detected for each time slice, and then compared to determine correspondences. We argue that this approach is inappropriate in applications with noisy data. In this paper, we propose FacetNet for analyzing communities and their evolutions through a robust unified process. This novel framework will discover communities and capture their evolution with temporal smoothness given by historic community structures. Our approach relies on formulating the problem in terms of maximum a posteriori (MAP) estimation, where the community structure is estimated both by the observed networked data and by the prior distribution given by historic community structures. Then we develop an iterative algorithm, with proven low time complexity, which is guaranteed to converge to an optimal solution. We perform extensive experimental studies, on both synthetic datasets and real datasets, to demonstrate that our method discovers meaningful communities and provides additional insights not directly obtainable from traditional methods.}}, 
pages = {8}, 
number = {2}, 
volume = {3}, 
keywords = {}
}

@article{Mucha.2010.Onnela, 
year = {2010}, 
title = {{Community Structure in Time-Dependent, Multiscale, and Multiplex Networks}}, 
author = {Mucha, Peter J. and Richardson, Thomas and Macon, Kevin and Porter, Mason A. and Onnela, Jukka-Pekka}, 
journal = {Science}, 
issn = {0036-8075}, 
doi = {10.1126/science.1184819}, 
pmid = {20466926}, 
eprint = {0911.1824}, 
abstract = {{Network science is an interdisciplinary endeavor, with methods and applications drawn from across the natural, social, and information sciences. A prominent problem in network science is the algorithmic detection of tightly connected groups of nodes known as communities. We developed a generalized framework of network quality functions that allowed us to study the community structure of arbitrary multislice networks, which are combinations of individual networks coupled through links that connect each node in one network slice to itself in other slices. This framework allows studies of community structure in a general setting encompassing networks that evolve over time, have multiple types of links (multiplexity), and have multiple scales.}}, 
pages = {876--878}, 
number = {5980}, 
volume = {328}, 
keywords = {}
}

@inproceedings{wu2019dynamic,
  title={Dynamic stochastic block model with scale-free characteristic for temporal complex networks},
  author={Wu, Xunxun and Jiao, Pengfei and Wang, Yaping and Li, Tianpeng and Wang, Wenjun and Wang, Bo},
  booktitle={Proceedings of the International Conference on Database Systems for Advanced Applications},
  pages={502--518},
  year={2019},
  organization={Springer}
}
@article{chen2018tutorial,
  title={A tutorial on network embeddings},
  author={Chen, Haochen and Perozzi, Bryan and Al-Rfou, Rami and Skiena, Steven},
  journal={arXiv preprint arXiv:1808.02590},
  year={2018}
}

@article{jeyaraj2024deepwalk,
	title={DeepWalk with Reinforcement Learning (DWRL) for node embedding},
	author={Jeyaraj, Rathinaraja and Balasubramaniam, Thirunavukarasu and Balasubramaniam, Anandkumar and Paul, Anand},
	journal={Expert Systems with Applications},
	volume={243},
	number={1},
	pages={122819},
	year={2024},
	publisher={Elsevier}
}

@inproceedings{NEURIPS2024_015a8c69,
	author = {Davison, Andrew and Morgan, S. Carlyle and Ward, Owen G.},
	booktitle = {Advances in Neural Information Processing Systems},
	pages = {685--738},
	publisher = {Curran Associates, Inc.},
	title = {Community Detection Guarantees using Embeddings Learned by Node2Vec},
	volume = {37},
	number={1},
	year = {2024}
}


@article{zhang2025hmne,
	title={HMNE: link prediction using hypergraph motifs and network embedding in social networks},
	author={Zhang, Yichen and Lai, Shouliang and Peng, Zelu and Rezaeipanah, Amin},
	journal={Knowledge and Information Systems},
	volume={67},
	number={2},
	pages={1787--1809},
	year={2025},
	publisher={Springer}
}

@article{rashnodi2024community,
	title={Community detection in attributed social networks using deep learning},
	author={Rashnodi, Omid and Rastegarpour, Maryam and Moradi, Parham and Zamanifar, Azadeh},
	journal={The Journal of Supercomputing},
	volume={80},
	number={18},
	pages={25933--25973},
	year={2024},
	publisher={Springer}
}

@article{huang2024embedding,
	title={An embedding model for temporal knowledge graphs with long and irregular intervals},
	author={Huang, Huimin and Xie, Luodi and Liu, Mingzhe and Lin, Jiajun and Shen, Hong},
	journal={Knowledge-Based Systems},
	volume={296},
	number={1},
	pages={111893},
	year={2024},
	publisher={Elsevier}
}
@inproceedings{zhou2018dynamic,
  title={Dynamic network embedding by modeling triadic closure process},
  author={Zhou, Lekui and Yang, Yang and Ren, Xiang and Wu, Fei and Zhuang, Yueting},
  booktitle={Proceedings of the Conference on Applications of Artificial Intelligence},
  volume={32},
  number={1},
  pages={1--1}
  year={2018}
}

@ARTICLE{7384503,
  author={Whang, Joyce Jiyoung and Gleich, David F. and Dhillon, Inderjit S.},
  journal={IEEE Transactions on Knowledge and Data Engineering}, 
  title={Overlapping Community Detection Using Neighborhood-Inflated Seed Expansion}, 
  year={2016},
  volume={28},
  number={5},
  pages={1272-1284},
  doi={10.1109/TKDE.2016.2518687}}
  
  
  @ARTICLE{6880805,
  author={Bhat, Sajid Yousuf and Abulaish, Muhammad},
  journal={IEEE Transactions on Knowledge and Data Engineering}, 
  title={HOCTracker: Tracking the Evolution of Hierarchical and Overlapping Communities in Dynamic Social Networks}, 
  year={2015},
  volume={27},
  number={4},
  pages={1019-1013},
  doi={10.1109/TKDE.2014.2349918}}
  
  @article{li2020exploring,
  title={Exploring the transition behavior of nodes in temporal networks based on dynamic community detection},
  author={Li, Tianpeng and Wang, Wenjun and Wu, Xunxun and Wu, Huaming and Jiao, Pengfei and Yu, Yandong},
  journal={Future Generation Computer Systems},
  volume={107},
  number={1},
  pages={458--468},
  year={2020},
  publisher={Elsevier}
}



  
 @article{iyer2024non,
 	title={Non-Euclidean Mixture Model for Social Network Embedding},
 	author={Iyer, Roshni and Wang, Yewen and Wang, Wei and Sun, Yizhou},
 	journal={Advances in Neural Information Processing Systems},
 	volume={37},
 	number={1},
 	pages={111464--111488},
 	year={2024}
 }
  @ARTICLE{7880588,
  author={Zhang, Qin and Yao, Quanying},
  journal={IEEE Transactions on Neural Networks and Learning Systems}, 
  title={Dynamic Uncertain Causality Graph for Knowledge Representation and Reasoning: Utilization of Statistical Data and Domain Knowledge in Complex Cases}, 
  year={2018},
  volume={29},
  number={5},
  pages={1637-1651},
  doi={10.1109/TNNLS.2017.2673243}}
  
  
  @article{mucha2010community,
  title={Community structure in time-dependent, multiscale, and multiplex networks},
  author={Mucha, Peter J and Richardson, Thomas and Macon, Kevin and Porter, Mason A and Onnela, Jukka-Pekka},
  journal={Science},
  volume={328},
  number={5980},
  pages={876--878},
  year={2010},
  publisher={American Association for the Advancement of Science}
}